=LDR  01057agm  2200253u  4500
=001  994790850102311
=005  20150603214358.0
=007  vfrcnahr\
=008  830406m19741978tnu\\\u\\\\\\\\\\0vneng\d
=035  \\$a(TU)000479085UTK01
=035  9\$a504822
=035  \\$a(OCoLC)09379175
=040  \\$aTKN$cTKN
=049  \\$atknk
=090  \\$aF440.22.B8$bJ3
=245  00$aJake Butcher for governor$h[videorecording] /$cby Walker & Associates.
=260  \\$aMemphis :$bWalker & Associates,$c1974-1978.
=505  0\$a[pt.1] 1974 commercials -- [pt.2] 1974 documentary -- [pt.3] 1978 commercials (primary) -- [pt.4] 1978 commercials (general election) -- [pt.5] 1978 documentary no. 1 -- [pt.6] 1978 documentary no. 2.
=520  \\$aCommercials and documentaries from the Jake Butcher gubernatorial campaigns of 1974 and 1978.
=600  10$aButcher, Jacob Franklin,$d1936-
=650  \0$aAdvertising, Political$zTennessee.
=700  1\$aButcher, Jacob Franklin,$d1936-
=710  2\$aWalker & Associates (Memphis, Tenn)
=852  0\$822143125340002311$bSC$cVIS$hF440.22.B8$iJ3

