=LDR  01300agm  2200325u  4500
=001  991856830102311
=005  20150603174416.0
=007  ncnbfj
=008  810326s1980\\\\alu068uf00001\\\\1sneng\d
=035  \\$a(TU)000185683UTK01
=035  9\$a202056
=035  \\$a(OCoLC)07266005
=040  \\$aAAA$cAAA$dTKN
=049  \\$aTKN5
=090  \\$aSF757.8$b.H3
=099  \\$aSF757.8.H3
=100  1\$aHall, Ellis.
=245  14$aThe use of air as a contrast medium in small animal radiology$h[slide] /$cEllis Hall, JoAnne Carey.
=260  \\$a[Tuskegee, Ala.] :$bTuskegee Institute, School of Veterinary Medicine, Dept. of Radiology$e(Washington Crossing, N.J. :$fPitman-Moore,$g1980).
=300  \\$a68 slides :$bcol. +$e1 sound cassette.
=500  \\$aSlides mounted in 1 carousel.
=500  \\$a"A Pitman-Moore continuing educational program."
=500  \\$aProduced in cooperation with the American Animal Hospital Association.
=520  \\$aDiscusses the intentional use of air as a contrast medium in the radiological diagnosis of small animals.
=650  \0$aVeterinary radiology.
=700  1\$aCarey, JoAnne.
=710  2\$aTuskegee Institute.$bSchool of Veterinary Medicine.$bDept. of Radiology.
=710  2\$aAmerican Animal Hospital Association.
=710  2\$aPitman-Moore, Inc.
=966  \\$aprimo

