=LDR  00899agm  2200265u  4500
=001  991262280102311
=005  20150603170005.0
=007  vf\ccahru
=008  801124s1980\\\\tnu026u\\\\\\\\\\1vleng\d
=035  \\$a(TU)000126228UTK01
=035  9\$a139387
=035  \\$a(OCoLC)06969820
=040  \\$aTKN$cTKN
=049  \\$aTKN5
=090  \\$aSF951$b.G4
=099  \\$aSF951.G4
=100  1\$aGeiser, D. R.$q(Dennis Richard),$d1946-
=245  10$aEquine laryngostomy and ventriculectomy, and emergency tracheostomy.$h[videorecording] /$cby Dennis Geiser.
=260  \\$aKnoxville :$bCollege of Veterinary Medicine, University of Tennessee,$c1980.
=300  \\$a1 videocassette (26 min.) :$bsd., col. ;$c3/4 in.
=538  \\$aU-matic.
=520  \\$aDemonstrates three procedures in equine respiratory surgery.
=650  \0$aHorses$xSurgery.
=852  0\$822202767950002311$bSC$cARVIS$hSF951$i.G4
=966  \\$aprimo

