=LDR  01042agm  2200301u  4500
=001  994938970102311
=005  20150603215004.0
=007  vfrcnaho\
=008  830427s1981\\\\nyu116u\\\\\\\\\\0vleng\d
=035  \\$a(TU)000493897UTK01
=035  9\$a520081
=035  \\$a(OCoLC)09452899
=040  \\$aTKN$cTKN
=049  \\$atknk
=090  \\$aPN1997$b.N9 1981
=099  \\$aPN1997.N9 1981
=130  0\$aNuit américaine.$lEnglish.
=245  10$aDay for night$h[videorecording] /$creleased by Warner Brothers.
=260  \\$aNew York :$bWarner Home Video,$c1981.
=300  \\$a1 videocassette (VHS) (116 min.) :$bsd., col. ;$c1/2 in.
=500  \\$a"English language version."
=500  \\$aOriginal screenplay by François Truffaut.
=511  1\$aJacqueline Bisset, Jean-Pierre Aumont.
=520  \\$aFrictions and personality clashes beset the making of a romantic film in Nice.
=650  \0$aFeature films.
=700  1\$aTruffaut, François.$tNuit américaine.
=710  2\$aWarner Bros.
=852  0\$822250958180002311$bH$cVIDE2$h PN1997$i .N9 1981

