=LDR  01031agm  2200289u  4500
=001  994403500102311
=005  20150603212443.0
=007  vf\ccahru
=008  830210s1978\\\\nyu020u\\\\\\\\\\0vleng\d
=035  \\$a(TU)000440350UTK01
=035  9\$a464891
=035  \\$a(OCoLC)09208626
=040  \\$aTKN$cTKN
=049  \\$atknk
=090  \\$aF440.22.A54$bA5
=099  \\$aF440.22.A54A5
=245  00$aAlexander spots$h[videorecording] /$cBailey, Deardourff & Associates.
=260  \\$a[New York? :$bBailey, Deardourff & Associates?,$c1978]
=300  \\$a1 videocassette (20 min.) :$bsd., col. ;$c3/4 in.
=538  \\$aU-matic.
=520  \\$aA compendium of gubernatorial campaign advertisments made by Bailey, Deardourff & Associates for Governor Alexander of Tennessee.
=600  10$aAlexander, Lamar,$d1940-.
=650  \0$aAdvertising, Political$zTennessee.
=651  \0$aTennessee$xGovernors.
=700  1\$aAlexander, Lamar,$d1940-
=710  2\$aBailey, Deardourff & Associates.
=852  0\$822180077710002311$bSC$cVIS$hF440.22.A54$iA5

