=LDR  00770agm  2200253u  4500
=001  994478180102311
=005  20150603212844.0
=007  vfrbna\\\uu
=008  820928q19801982nvu060u\\\\\\\\\\0vleng\d
=035  \\$a(TU)000447818UTK01
=035  9\$a472632
=035  \\$a(OCoLC)08812014
=040  \\$aTKN$cTKN
=049  \\$atknk
=090  \\$aML420.P96$bE36
=099  \\$aML420.P96E36
=245  00$aElvis in the fifties$h[videorecording]
=260  \\$aLas Vegas, Nev. :$bKing of Video,$c198-?]
=300  \\$a1 videocassette (VHS) (ca. 60 min.) :$bsd., b&w ;$c1/2 in.
=511  0\$aElvis Presley.
=520  \\$aA look at Elvis Presley the way America first saw him.
=600  10$aPresley, Elvis,$d1935-1977.
=852  0\$822195487670002311$bH$cVHS$hML420.P96$iE36
=966  \\$aprimo

