=LDR  01750agm  2200325u  4500
=001  993287420102311
=005  20150603201835.0
=007  gz\zzuhz\
=008  820225s1982\\\\xx\126u\\\\\\\\\\0mleng\d
=035  \\$a(TU)000328742UTK01
=035  9\$a350430
=035  \\$a(OCoLC)08192209
=040  \\$aTKN$cTKN
=049  \\$atknk$d[$v= pt.]$v1-3
=090  \\$aE748.K314$bK42
=100  1\$aKefauver, Estes,$d1903-1963.
=245  00$a[Kefauver miscellany.$nno. 1]$h[videorecording]
=260  \\$a[s.l. :$bs.n.,$c1982]
=300  \\$a3 pts. in 2 videodiscs :$bdigital :$c4 3/4 in.
=490  1\$a[Kefauver tapes ;$v8-9]
=538  \\$aDVD
=500  \\$aReproduction from motion picture.
=500  \\$aA compilation of various motion picture shorts.
=505  0\$a[1] Campaign ads. Comic book speech. Wildlife Restoration Week Speech / by Frank Clement. Swimming. Senate campaign speech on agriculture. TV speech in Memphis. Speech on issues of the campaign. Kefauver crime probe in New York. Campaign speech on crime investigating committee, pt. 1 -- [2] Campaign speech on crime investigating committee, pt. 2. War or peace. Senate campaign speech on TVA. Unedited Presidential campaign clips on various issues. Campaign ads. Speech on the first six months of the Eisenhower administration. Head of Soviet Affairs, Dept of State interviewed. Military budget. Speech in Tennessee reporting on Federal problems. NATO, pt. 1 -- [3] NATO, pt. 2.
=530  \\$aAlso available in VHS.
=600  10$aKefauver, Estes,$d1903-1963.
=651  \0$aUnited States$xPolitics and government$y1945-1989.
=830  \0$aKefauver tapes$hvideorecording ;$v8-9.
=852  0\$822250934240002311$bH$cDVD$h E748 .K314$i K42
=852  0\$822250957140002311$bH$cVIDEO$h E748.K314$i K42

