=LDR  01339cgm  2200373Ia 4500
=001  992088700102311
=005  20150603180125.0
=007  vf\cnahr\
=008  810211s1981\\\\mau060\\\\\\\\\\\\vleng\d
=035  \\$a(TU)000208870UTK01
=035  9\$a226774
=035  \\$a(OCoLC)07118939
=040  \\$aGZS$cGZS$dOCL$dOCLCQ
=090  \\$aHD9850.5$h.I6
=245  04$aThe shirt off your back$h[videorecording].
=260  \\$aBoston, Mass. :$bWGBH Educational Foundation,$c1981.
=300  \\$a1 videocassette (60 min.) :$bsd., col. ;$c3/4 in.
=440  \0$aWorld (Television program)
=500  \\$aU Standard.
=511  0\$aStuds Terkel.
=500  \\$aOrginally broadcast as television program by WGBH.
=500  \\$aTitle on container: Inside Europe; the shirt off our backs.
=520  \\$aDiscusses effect of developing Third World clothing industry, with its lower labor costs, on the industry in Europe and the United States.
=650  \0$aClothing trade.
=650  \0$aClothing workers$zUnited States.
=650  \0$aClothing workers$zEurope.
=650  \0$aTextile workers$zDeveloping countries.
=650  \0$aProtectionism.
=710  2\$aWGBH Educational Foundation.
=700  1\$aTerkel, Studs,$d1912-
=740  0\$aInside Europe; the shirt off our backs.
=740  0\$aShirt off our backs.
=966  \\$aprimo
=994  \\$aE0$bTKN

