=LDR  01112agm  2200277u  4500
=001  995592780102311
=005  20150603223042.0
=008  810305s1980\\\\cau124ug\\\\\\\\\0vleng\d
=035  \\$a(TU)000559278UTK01
=035  9\$a587502
=035  \\$a(OCoLC)07195818
=040  \\$aVYG$cVYG$dOCL$dTKN
=049  \\$aTKNk
=090  \\$aPN1997$b.C664
=099  \\$aPN1997.C664
=245  00$aCoal miner's daughter$h[videorecording] /$cUniversal Studios, Inc.
=260  \\$aUniversal City, Calif. :$bMCA Videocassette,$cc1980.
=300  \\$a1 videocassette (124 min.) :$bsd., col., 1/2 in.
=500  \\$aVHS format.
=508  \\$aScreenplay by Tom Rickman ; based on the autobiography by Loretta Lynn with George Vecsey ; executive producer, Bob Larson ; produced by Bernard Schwartz ; directed by Michael Apted.
=520  \\$aThe life of the "Queen of Country Music" from her backwoods Appalachia home to the Grand Ole Opry and super stardom.
=650  \0$aFeature films.
=700  1\$aApted, Michael.
=700  1\$aLynn, Loretta.
=710  2\$aUniversal City Studios.
=852  0\$822250956790002311$bH$cVIDEO$h PN1997$i .C664

