=LDR  01163agm  2200313u  4500
=001  992629040102311
=005  20150603192423.0
=007  gsucnbfj\
=008  811109s1981\\\\nju044u\z\\\\\\\\1sneng\d
=035  \\$a(TU)000262904UTK01
=035  9\$a283063
=035  \\$a(OCoLC)07917241
=040  \\$aTKN$cTKN
=049  \\$atkn5$n44 slides and 1 cassette
=090  \\$aSF991$b.U7
=099  \\$aSF991.U7
=100  1\$aUpdike, Susan J.
=245  10$aAnatomy of the canine stifle$h[slide] /$cby Susan J. Updike.
=260  \\$aWashington Crossing, N.J. :$bContinuing Education Library, Pitman-Moore,$c1981.
=300  \\$a44 slides :$bcol. +$e1 sound cassette (1 7/8 ips)
=500  \\$aSlides mounted in 1 carousel.
=500  \\$a"A Pitman-Moore continuing educational program."
=500  \\$aProduced in cooperation with the American Animal Hospital Association.
=520  \\$aThe anatomy of the canine stifle joint and adjacent soft tissue structures involved in the common surgical approaches are described.
=650  \0$aStifle joint.
=650  \0$aDogs$xAnatomy.
=710  2\$aAmerican Animal Hospital Association.
=710  2\$aPitman-Moore, Inc.
=966  \\$aprimo

