=LDR  02346cgm  2200385   4500
=001  991065480102311
=005  20150603153246.0
=007  vf\ccahru
=008  800424s1976\\\\inu060\\\\\\\\\\\\vueng\\
=016  7\$a8000542A$2DNLM
=035  \\$a(TU)000106548UTK01
=035  9\$a118123
=035  \\$a(OCoLC)05138079
=037  \\$bEli Lilly and Company
=040  \\$aNLM$cNLM$dOCLCQ
=090  \\$aQP249$b.D9
=245  04$aThe Dynamic kidney$h[videorecording] /$cEli Lilly and Company ; [produced by] Wexler Films.
=260  \\$a[Indianapolis] :$bThe Company,$cc1976.
=300  \\$a2 cassettes, 30 min. each :$bsd., col. ;$c3/4 in.
=500  \\$aRating: Highly recommended.
=500  \\$aReview date: July 1980.
=500  \\$aReviewer: Association of American Medical Colleges (AAMC).
=500  \\$aLearning method: Support.
=505  2\$apt. 2. Clinical evaluation of renal function.
=508  \\$aCleaves M. Bennett, Richard J. Glassock, S.O. Waife.
=520  8\$a(Critical) This two part program is an overview of the kidney. The homeostatic function of the kidney and hemodynamic, neural and endocrine aspects are presented in Part I. Nephron function is compared in normal and altered physiologic conditions. In Part II, clinical tests for the evaluation of renal function are detailed. This is a clear, concise discussion which is excellently and innovatively illustrated. Disease states affecting normal renal function and laboratory determinations are only minimally mentioned. This inulin clearance study is omitted. This program contains a large amount of information and previous knowledge of renal physiology, anatomy and function is required. This is an excellent review of the topic and is highly recommended for use.
=521  \\$aAllied health: undergraduate; advance certificate; graduate; continuing education.$aDental: undergraduate.$aMedical: undergraduate; graduate; continuing education.$aNursing: undergraduate; advance certificate; graduate; continuing education.$aSpecialty: urology, nephrology, family practice.
=530  \\$aAvailable also as a 16 mm. motion picture.
=650  \0$aKidneys.
=650  \0$aKidney function tests.
=700  1\$aWaife, S. O.,$q(Sholom Oml),$d1919-
=700  1\$aBennett, Cleaves M.,$d1934-
=700  1\$aGlassock, Richard J.
=710  2\$aEli Lilly and Company.
=994  \\$aE0$bTKN

