=LDR  01016agm  2200265u  4500
=001  994454360102311
=005  20150603212715.0
=007  mrrcaaad\\\\\\\\\\\\\\\
=008  830221s1979\\\\cau024u\\\\\\\\\\0mleng\d
=035  \\$a(TU)000445436UTK01
=035  9\$a470107
=035  \\$a(OCoLC)09239455
=040  \\$aTKN$cTKN
=049  \\$atknk
=090  \\$aGC11.2$b.E9
=099  \\$aGC11.2.E9
=245  00$aEvolution of an ocean$h[motion picture] /$cBBC-TV/Open University.
=260  \\$aSolana Beach, Calif. :$bUniversity Media,$c1979.
=300  \\$a1 film reel (24 min.) :$bsd., col. ;$c16 mm. +$e1 guide.
=520  \\$aExamines modern techniques which enable scientists to reconstruct the evolution of the size of the ocean in the geological past, including geophysical development and changes in current circulation and world-wide sea level.
=650  \0$aOceanography.
=650  \0$aSea-floor spreading.
=710  2\$aBritish Broadcasting Corporation.$bTelevision Service.
=710  2\$aOpen University.
=966  \\$aprimo

