=LDR  00937agm  2200289u  4500
=001  992041770102311
=005  20150603175709.0
=007  gs\cfu\\\
=008  810416s1980\\\\enk050u\z\\\\\\\\1sneng\d
=020  \\$a0859640639
=020  \\$a0898870070
=035  \\$a(TU)000204177UTK01
=035  9\$a221474
=035  \\$a(OCoLC)07342990
=040  \\$aTKN$cTKN
=049  \\$atknk
=090  \\$aPN2636.P4$bT6
=100  1\$aLong, Joseph.
=245  10$aThéâtre des variétés$h[slide] /$cJoseph Long.
=260  \\$aCambridge [Eng.] : Chadwyck-Healey ;$aTeaneck, N.J. :$bSomerset House, 1980.
=300  \\$a50 slides :$bcol. +$e1 text.
=490  1\$aTheatre in focus
=500  \\$aPublished in association with the Consortium for Drama and Media in Higher Education.
=610  20$aThéâtre des variétés (Paris)
=650  \0$aTheater$zFrance$zParis.
=830  \0$aTheatre in focus$hslide.
=852  0\$822177190900002311$bST$cSLIDE$hPN2636.P4$iT6

