=LDR  00387arm  2200157u  4500
=001  995527220102311
=005  19970222000000.0
=008  \\\\\\s2000\\\\\\\\\\\\\\\\\\000\\\eng\d
=035  \\$a(TU)000552722UTK01
=035  9\$a580382
=099  \\$a423D539
=100  1\$aHalsey, W. C.$q(Wallace C.)
=245  10$aDictionary
=260  \\$aNY$c1981
=852  1\$822161742610002311$bH$cJUV$h423D539
=966  \\$aprimo

