=LDR  00965agm  2200277u  4500
=001  992562140102311
=005  20150603191836.0
=007  vf\ccahru
=008  811014s1980\\\\tnu009u\\\\\\\\\\1vleng\d
=035  \\$a(TU)000256214UTK01
=035  9\$a276250
=035  \\$a(OCoLC)07845890
=040  \\$aTKN$cTKN
=049  \\$atkn5
=090  \\$aSF891$b.N3
=099  \\$aSF891.N3
=100  1\$aNasisse, Mark P.
=245  14$aThe technique of conjunctival and corneal scraping for ocular cytology$h[videorecording] /$cauthor, Mark P. Nasisse ; assistant Caroline Bundy.
=260  \\$a[Knoxville] :$bCollege of Veterinary Medicine, University of Tennessee,$c[1980?]
=300  \\$a1 videocassette (9 min.) :$bsd., col. ;$c3/4 in.
=538  \\$aU-matic.
=650  \0$aVeterinary ophthalmology.
=700  1\$aBundy, Caroline.
=710  2\$aUniversity of Tennessee, Knoxville.$bCollege of Veterinary Medicine.
=852  0\$822160370150002311$bSC$cARVIS$hSF891$i.N3
=966  \\$aprimo

