=LDR  01085agm  2200265u  4500
=001  995598430102311
=005  20150603223039.0
=007  vf-cnaho\
=008  841017s1983\\\\ohu043u\\\\\\\\\\0vleng\d
=035  \\$a(TU)000559843UTK01
=035  9\$a588146
=035  \\$a(OCoLC)11275165
=040  \\$aTKN$cTKN
=049  \\$atknk
=090  \\$aRJ503$b.M3
=099  \\$aRJ503.M3
=245  00$aManagement of a crisis in adolescent group therapy$h[videorecording] /$ca production of the Child Guidance Center of Greater Cleveland.
=260  \\$a[Cleveland? Ohio :$bs.n.,$c1983?]
=300  \\$a1 videocassette (43 min.) :$bsd., col. ;$c1/2 in.
=500  \\$aVHS format.
=520  \\$aA condensed re-creation of an adolescent psychotherapy sessiion. Portrays the crisis created because of the removal of a member of an adolescent therapy group because of serious drug and alcohol abuse, theft, and general truancy.
=650  \0$aAdolescent psychotherapy.
=650  \0$aGroup psychotherapy.
=710  2\$aChild Guidance Center of Greater Cleveland.
=852  0\$822250956840002311$bH$cVIDEO$h RJ503$i .M3

