=LDR  01087agm  2200313u  4500
=001  995392610102311
=005  20150603222638.0
=007  mr-caaad\\\\\\\\\\\\\\\
=008  780421s1975\\\\xxu028\e\\\\\\\\\0mleng\c
=010  \\$a77703333 /F
=035  \\$a(TU)000539261UTK01
=035  9\$a566561
=035  \\$a(OCoLC)05646978
=040  \\$aRamic Productions$cDLC$dTKN
=049  \\$aTKNk
=050  \\$aGV1153
=090  \\$aGV1153$b.Y6
=099  \\$aGV1153.Y6
=245  00$aYou can surpass yourself.$h[motion picture] /$cEden Ryl ; made by Ramic Productions.
=260  \\$aNewport Beach, Calif. :$bRamic Productions,$c1975.
=300  \\$a1 reel, 28 min. :$bsd.,col. ;$c16 mm.
=500  \\$aWith leader's guide.
=500  \\$aAlso issued as videocassette.
=500  \\$aSpanish version also issued.
=520  \\$aDr. Eden Ryl examines the learning process and the forces and strategies that render people more teachable. Follows her step-by-step as she learns to excel in marksmanship.
=650  \0$aShooting.
=650  \0$aLearning, Psychology of.
=700  1\$aRyl, Eden.
=966  \\$aprimo

