=LDR  00919agm  2200265u  4500
=001  991183980102311
=005  20150603165414.0
=007  vc\aha\\\
=008  801104s1977\\\\nyu048u\\\\\\\\\\0vleng\d
=035  \\$a(TU)000118398UTK01
=035  9\$a131324
=035  \\$a(OCoLC)06899222
=040  \\$aTKN$cTKN
=049  \\$aTKNk
=090  \\$aBL2225.A1$bS53
=099  \\$aBL2225.A1S53
=245  00$aShinto :$bnature, gods, and man in Japan.$h[videorecording] /$cJapan Society, inc.
=260  \\$aNew York :$bThe Society,$c1977.
=300  \\$a1 cassette, 48 min. :$bsd.,col. ;$c3/4 in.
=500  \\$aU standard.
=520  \\$aTraces the development of Shinto to the present day. Shows ancient ritual sites still used today as well as some major shrines. Also portrays great works of Shinto religious art.
=650  \0$aShinto shrines$zJapan.
=650  \0$aShinto art.
=710  2\$aJapan Society (New York, N.Y.)
=966  \\$aprimo

