=LDR  01109agm  2200289u  4500
=001  992017150102311
=005  20150603175525.0
=007  vr-baaad\
=008  810410s1951\\\\cau050u\\\\\\\\\\0vleng\d
=035  \\$a(TU)000201715UTK01
=035  9\$a218690
=035  \\$a(OCoLC)07325658
=040  \\$aTKN$cTKN
=049  \\$aTKNk
=090  \\$aHV6791$b.K4
=099  \\$aHV6791.K4
=245  04$aThe Kefauver crime investigation$h[motion picture] /$cnarrated by Joe King.
=260  \\$a[Hollywood? Calif.] :$bMovietonews, Inc.,$c1951.
=300  \\$a2 film reels (ca. 50 min.) :$bsd., b&w ;$c16 cm.
=490  1\$aKefauver tapes : videorecording ;$v6-7
=520  \\$aPresents excerpts from the Kefauver Committee investigation of organized crime in 1951. Also contains introduction and summary by Senator Kefauver.
=650  \0$aCrime$zUnited States.
=700  1\$aKefauver, Estes,$d1903-1963.
=710  1\$aUnited States.$bCongress.$bSenate.$bSpecial Committee to Investigate Organized Crime in Interstate Commerce.
=710  2\$aMovietonews (Firm)
=830  \0$aKefauver tapes$hvideorecording ;$v6-7.
=966  \\$aprimo

