=LDR  00369arm  2200157u  4500
=001  995578290102311
=005  19970222000000.0
=008  \\\\\\s2000\\\\\\\\\\\\\\\\\\000\\\eng\d
=010  \\$a66-16525
=035  \\$a(TU)000557829UTK01
=035  9\$a585852
=099  \\$a394.26D633n
=100  \\$aDobler.
=245  10$aNational holidays around the world
=260  \\$aNY$c1968
=966  \\$aprimo

