=LDR  01862agm  22003371  4500
=001  995547290102311
=005  20150603222949.0
=007  vf\bbaho\
=008  840211r19831981nyu089u\\\\\\\\\\0vleng\d
=035  \\$a(TU)000554729UTK01
=035  9\$a582542
=035  \\$a(OCoLC)10405581
=040  \\$aFPL$cFPL$dTKN
=049  \\$aTKNk
=090  \\$aPN1997$b.D64 1983
=099  \\$aPN1997.D64 1983
=245  02$aA Doll's house$h[videorecording] / Sonny Fox Productions.
=260  \\$aNew York :$bMGM/UA Home Video,$cc1983.
=300  \\$a1 videocassette (89 min.) :$bsd., b&w. ;$c1/2 in.
=440  \0$aGolden age of television
=500  \\$aVHS format.
=500  \\$a"MV400299"
=500  \\$aBased on the play, "Et dukkehjem," written by Henrik Ibsen in 1879.
=500  \\$aVideocassette release of the 1981 motion picture by Sonny Fox Productions. Original production televised on November 15, 1959.
=508  \\$aExecutive producer, Sonny Fox ; producer, David J. Eagle ; director, Barry A. Brown. Original credits: producer-director, George Schaeffer ; adapters, James Costigan, Robert Hartung.
=511  1\$aJulie Harris, Christopher Plummer, Jason Robards, Jr., Hume Cronyn, Eileen Heckart, Katharine Rait, Mildred Trares ; Richard E. Thomas, Maggie King, Randy Gaynes.
=520  \\$aNora is a woman who is sheltered first by her father and then by her husband. All her life, she has been protected like a fragile possession ... like a doll in a doll's house. After she marries, she becomes frustrated and realizes that under the dominance of her husband, she will never have an identity of her own. Nora leaves her husband and children to find a new life for herself.
=700  1\$aIbsen, Henrik,$d1828-1906.$tDukkehjem.
=710  2\$aSonny Fox Productions.
=710  2\$aMGM/UA Home Video (Firm)
=852  0\$822250985330002311$bH$cVIDE2$h PN1997$i .D64 1983

