=LDR  00372arm  2200133u  4500
=001  995406520102311
=005  20070313112425.0
=008  900101s1905\\\\enk\\\\\\\\\\\\\\\\\engsd
=035  \\$a(TU)000540652UTK01
=035  9\$a567996
=090  \\$aBV4821$b.A1 1905
=245  14$aThe imitation of Christ in four books
=260  \\$aLondon$c1905
=852  01$822174246290002311$bH$cSTACK$hBV4821$i.A1 1905

