=LDR  01060agm  2200301u  4500
=001  993818650102311
=005  20150603205215.0
=007  vfrcnafr\
=008  820818s1982\\\\nyu185u\\\\\\\\\\0vleng\d
=035  \\$a(TU)000381865UTK01
=035  9\$a404499
=035  \\$a(OCoLC)08698355
=040  \\$aTKN$cTKN
=049  \\$atknk$d[$v= pt.]$v1-4
=090  \\$aPN1997$b.K5
=099  \\$aPN1997.K5
=245  00$aKing Lear$h[videorecording] /$cBritish Broadcasting Corporation in association with Time-Life Television.
=260  \\$aNew York :$bTime-Life Video,$cc1982.
=300  \\$a4 videocassettes (185 nub,) :$bsd., col. ;$c3/4 in.
=490  0\$aThe Shakespeare plays
=508  \\$aProducer, Shaun Sutton; director, Jonathan Miller.
=511  1\$aMichael Hordern, John Shrapnel, John Bird.
=520  \\$aA dramatization of William Shakespeare's play entitled, King Lear.
=650  \0$aHistorical films.
=700  1\$aShakespeare, William,$d1564-1616.$tKing Lear.
=710  2\$aBritish Broadcasting Corporation.
=710  2\$aTime-Life Television.
=966  \\$aprimo

