=LDR  00372arm  2200133u  4500
=001  995609630102311
=005  20000405093400.0
=008  900101s1962\\\\nyu\\\\\\\\\\\\\\\\\engsd
=035  \\$a(TU)000560963UTK01
=035  9\$a589410
=099  \\$a398.2C861ha
=100  1\$aCourlander, Harold,$d1908-
=245  14$aThe hat-shaking dance and other tales from the Gold Coast
=260  \\$aEau Claire$c1962

