=LDR  00340arm  2200133u  4500
=001  995651740102311
=005  19970222000000.0
=008  \\\\\\s2000\\\\\\\\\\\\\\\\\\000\\\eng\d
=035  \\$a(TU)000565174UTK01
=035  9\$a594008
=099  \\$a398.4A65s
=245  10$aStories from the Arabian nights
=260  \\$aNY
=852  1\$822227453120002311$bH$cJUV$h398.4A65s

