=LDR  01144agm  2200289u  4500
=001  994312090102311
=005  20150603211959.0
=007  mr\ca\\\\\\\\\\\\\\\\\\
=008  791025s1976\\\\nju030ug\\\\\\\\\0mleng\d
=035  \\$a(TU)000431209UTK01
=035  9\$a455580
=035  \\$a(OCoLC)05586561
=040  \\$aDGU$cDGU$dm.c.$dTKN
=049  \\$aTKNk
=090  \\$aNA1120$b.L7
=099  \\$aNA1120.L7
=245  00$aLooking for Renaissance Rome.$h[motion picture] /$cby James Ackerman and Kathleen Weil Garris.
=260  \\$a[Franklin Lakes, N. J. :$bIMAJ Film Library],$cc1976.
=300  \\$a1 reel, 30 min. :$bsd.,col. ;$c16 mm.
=508  \\$aDirector and photographer, John Terry; film editor, Mildred Ackerman.
=520  \\$aShows how Renaissance influences in architecure, speech, behavior, and trades survive in present-day Rome. Includes views of the Pantheon, the Vatican and the Roman Forum.
=650  \0$aArchitecture, Renaissance$zItaly$zRome.
=651  \0$aRome (Italy)$xDescription and travel.
=700  1\$aAckerman, James S.
=700  1\$aBrandt, Kathleen Weil-Garris,$d1934-
=700  1\$aTerry, John,$cSir,$d1913-
=966  \\$aprimo

