=LDR  00311arm  2200133u  4500
=001  995632530102311
=005  19970222000000.0
=008  \\\\\\s2000\\\\\\\\\\\\\\\\\\000\\\eng\d
=035  \\$a(TU)000563253UTK01
=035  9\$a591862
=099  \\$a372.54E61s
=100  \\$aEnthoven.
=245  10$aStitchery for children
=260  \\$aNY$c1968

