=LDR  01086agm  2200325u  4500
=001  994513550102311
=005  20150603213038.0
=007  vfrbna\\\hr
=008  790730s1979\\\\xxu044\e\\\\\f\\\0vleng\c
=010  \\$a79706463 /F
=035  \\$a(TU)000451355UTK01
=035  9\$a476274
=035  \\$a(OCoLC)05895346
=040  \\$aNational Audiovisual Center$cDLC$dTKN
=043  \\$an-us---
=049  \\$aTKNk
=050  \\$aS441
=090  \\$aS441$b.L3
=099  \\$aS441.L3
=245  04$aThe Land.$h[videorecording] /$cUnited States Agricultural Adjustment Agency.
=260  \\$aWashington :$bThe Agency : distributed by National Audiovisual Center,$c1979.
=300  \\$a1 cassette, 44 min. :$bsd.,b&w ;$c3/4 in.
=500  \\$aTitle from data sheet.
=500  \\$aU standard.
=500  \\$aIssued in 1941 as 16 mm. motion picture.
=520  \\$aPortrays American agriculture during the depression decade.
=650  \0$aAgriculture$zUnited States.
=651  \0$aUnited States$xEconomic conditions$y1918-1945.
=710  1\$aUnited States.$bAgricultural Adjustment Agency.
=966  \\$aprimo

