=LDR  01281agm  2200289u  4500
=001  994144300102311
=005  20150603211103.0
=007  vcuaha\\\
=008  810317s1980\\\\nyu\\\ug00000\\\\0vleng\d
=035  \\$a(TU)000414430UTK01
=035  9\$a438416
=035  \\$a(OCoLC)07231859
=040  \\$aNOC$cNOC$dTKN
=049  \\$aTKNk
=090  \\$aPN1997$b.M44
=245  04$aThe Merchant of Venice$h[videorecording] /$cBBC Television Production in association with Time-Life Television.
=260  \\$a[New York :$bTime-Life Multimedia],$c1980.
=300  \\$a3 cassettes :$bsd., col. ;$c3/4 in.
=490  0\$aThe Shakespeare plays
=508  \\$aProducer, Jonathan Miller; director Jack Gold; title music composed by Stephen Oliver; incidental music composed by Carl Davies; literary consultant, Dr. John Wilders.
=511  0\$aJohn Franklyn-Robbins, John Rhys-Davies, Alan David, John Nettles, Richard Morant, Kenneth Cranham.
=520  \\$aPresents a dramatization of William Shakespeare's play entitled The Merchant of Venice.
=600  10$aShakespeare, William,$d1564-1616.$tMerchant of Venice.
=650  \0$aHistorical films.
=710  2\$aBritish Broadcasting Corporation.$bTelevision Service.
=710  2\$aTime-Life Television.
=852  0\$822213715380002311$bH$cSTACK$hPN1997$i.M44

