=LDR  01587agm  2200337u  4500
=001  995496520102311
=005  20150603222838.0
=008  830615s1983\\\\xx\180u\\\\\\\\\\0vleng\d
=035  \\$a(TU)000549652UTK01
=035  9\$a577228
=035  \\$a(OCoLC)09606877
=040  \\$aTKN$cTKN
=049  \\$atknk
=090  \\$aF217.A65$bA695
=245  00$aAppalachia in perspective$h[videorecording] :$ba faculty seminar /$cJames R. Stokley Institute for Liberal Arts Education.
=260  \\$c1983.
=300  \\$a4 sound discs :$bdigital ;$c4 3/4 in.
=538  \\$aDVD.
=500  \\$aReproduction from U-matic.
=500  \\$aTaped on May 12, 1983 at the Communications Building Auditorium, University of Tennessee, Knoxville.
=500  \\$aFunded by a grant from the Andrew W. Mellon Foundation.
=505  0\$a[pt.1] History of Appalachia / Wilma Dykeman Stokley -- [pt.2] Regional language and dialect / Jim Wayne Miller -- [pt.3] Attitudes, values, and religion in Appalachia / Loyal Jones -- [pt.4] Literature of the region / Wilma Dykeman Stokley.
=530  \\$aAlso available in VHS.
=651  \0$aAppalachian Region, Southern$vCongresses.
=700  1\$aDykeman, Wilma.$tHistory of Appalachia.
=700  1\$aDykeman, Wilma.$tLiterature of the region.
=700  1\$aMiller, Jim Wayne.$tRegional language and dialect.
=700  1\$aJones, Loyal,$d1928-$tAttitudes, values, and religion in Appalachia.
=710  2\$aJames R. Stokley Institute for Liberal Arts Education.
=852  0\$822250970760002311$bH$cVIDEO$h F217 .A65$i A695
=852  0\$822250980710002311$bH$cDVD$h F217.A65$i A695

