=LDR  01094agm  2200301u  4500
=001  992593540102311
=005  20150603192124.0
=007  mr-baaad\\\\\\\\\\\\\\\
=008  800401s1945\\\\dcu022\e\\\\\f\\\0mlengmc
=010  \\$afie52001358
=035  \\$a(TU)000259354UTK01
=035  9\$a279459
=035  \\$a(OCoLC)06155837
=040  \\$aU.S. Office of Education. Visual Education Services.$cKMM$dKMM$dOCL$dTKN
=049  \\$aTKNk
=090  \\$aD767.99.P4$bF87
=092  \\$a940.542
=099  \\$aD767.99.P4F87
=245  04$aThe fleet that came to stay.$h[motion picture] /$cU.S. Dept. of the Navy.
=260  \\$aWashington :$bThe Dept.,$c1945.
=300  \\$a1 reel, 22 min. :$bsd.,b&w. ;$c16mm.
=501  \\$aWith: Fury in the Pacific -- Remember these faces.
=500  \\$aVideocassette copy.
=500  \\$aOrder no. MN5802.
=520  \\$aExplains the invasion of Okinawa from the U.S. Navy point of view and illustrates the operation by scenes of the combat.
=650  \0$aWorld War, 1939-1945$xCampaigns$zJapan$zOkinawa Island.
=710  1\$aUnited States.$bNavy Department.
=966  \\$aprimo

