=LDR  00937agm  2200265u  4500
=001  995323810102311
=005  20150603222539.0
=007  vfrccahr\
=008  830919s1979\\\\kyu050u\mr\\\\\\\0vleng\d
=035  \\$a(TU)000532381UTK01
=035  9\$a559474
=035  \\$a(OCoLC)09922436
=040  \\$aTKN$cTKN
=049  \\$atknk
=090  \\$aTN291$b.S76
=099  \\$aTN291.S76
=245  00$aStrip mining$h[videorecording] :$benergy, environment, and economics /$cproduced by Appalshop, Inc.
=260  \\$aWhitesburg, Ky. :$bAppalshop Films,$cc1979.
=300  \\$a1 videocassette (50 min.) :$bsd., col. ;$c3/4 in. +$e2 scripts, 2 study guides.
=538  \\$aU-matic.
=520  \\$aDiscusses how strip mining began, its growth, and the consequences of this type of mining for the Appalachian region.
=650  \0$aStrip mining.
=650  \0$aStrip mining$xEnvironmental aspects$zAppalachian region.
=710  2\$aAppalshopp, Inc.
=966  \\$aprimo

