=LDR  01110agm  2200289u  4500
=001  993836980102311
=005  20150603205319.0
=007  vf\c\ahr\
=008  800827s1980\\\\mau060ug\\\\\\\\\0vleng\d
=035  \\$a(TU)000383698UTK01
=035  9\$a406367
=035  \\$a(OCoLC)06660216
=040  \\$aFYM$cFYM$dm.c.$dTKN
=049  \\$aTKNk
=090  \\$aF3429$b.I55
=245  04$aThe Incas.$h[videorecording]
=260  \\$aBoston, Mass. :$bPublic Broadcasting Associates and British Broadcasting Company, ;$aWashington, D.C. :$bDistributed by PBS Video,$cc1980.
=300  \\$a1 cassette. 60 min. :$bsd.,col. ;$c3/4 in.
=440  \0$aOdyssey
=520  \\$aChronicles the Inca civilization and how it was built up into one of the best run civilizations ever. Also explores how current archaeologists are attempting to better understand the inner workings of this impressive civilization.
=650  \0$aIncas.
=650  \0$aArchaeology.
=650  \0$aIncas$vLegends.
=651  \0$aPeru$xHistory$yTo 1548.
=710  2\$aPublic Broadcasting Associates.
=710  2\$aBritish Broadcasting Corporation.
=830  \0$aOdyssey.

