=LDR  00325arm  2200133u  4500
=001  995630520102311
=005  19970222000000.0
=008  \\\\\\s2000\\\\\\\\\\\\\\\\\\000\\\eng\d
=035  \\$a(TU)000563052UTK01
=035  9\$a591632
=099  \\$a371.335H816e
=100  \\$aHornick.
=245  10$aElementary creative bullitin boards
=260  \\$aNY$c1969

