=LDR  01182agm  2200289u  4500
=001  994513560102311
=005  20150603213038.0
=007  vfrbna\\\hr
=008  800623s1979\\\\xxu029\e\\\\\f\\\0vleng\c
=010  \\$a79706479 /F
=035  \\$a(TU)000451356UTK01
=035  9\$a476277
=035  \\$a(OCoLC)06602445
=040  \\$aNational Audiovisual Center$cDLC$dm.c.$dTKN
=043  \\$an-us-tn$an-usu--
=049  \\$aTKNk
=090  \\$aHD1695.T4$bV3
=245  00$aValley of the Tennessee.$h[videorecording] /$cUnited States Office of War Information, Overseas Branch.
=260  \\$aWashington :$bThe Office : distributed by National Audiovisual Center,$c1979.
=300  \\$a1 cassette, 29 min. :$bsd.,b&w ;$c3/4 in.
=500  \\$aTitle from data sheet.
=500  \\$aU standard.
=500  \\$aIssued in 1945 as motion picture.
=520  \\$aShows the need for conservation in the Tennessee River Valley, the origin of the TVA, the building of the dams, and the influence of the TVA on the lives of the people in the Valley.
=610  20$aTennessee Valley Authority.
=650  \0$aWater resources development$zTennessee River Valley.
=710  1\$aUnited States.$bOffice of War Information.

