=LDR  01224agm  2200325u  4500
=001  995281330102311
=005  20150603222457.0
=007  mrucaaad\\\\\\\\\\\\\\\
=008  831018c19811980xxu030\e\\\\\\\\\0mleng\c
=010  \\$a82700934 /F
=020  \\$cFor sale ( 450.00) or rent ( 48.00)
=035  \\$a(TU)000528133UTK01
=035  9\$a555116
=035  \\$a(OCoLC)10302330
=040  \\$aCINE$cDLC$dTKN
=049  \\$aTKNk
=050  \\$aGB451.2
=090  \\$aGB451.2$b.P6
=099  \\$aGB451.2.P6
=245  00$aPortrait of a coast$h[motion picture] /$cJim Gabriel Productions ; producer, director, Jim Gabriel ; writer, Rachel Giese.
=260  \\$aKatonah, N.Y. :$bCircle Oak Productions,$c1981, c1980.
=300  \\$a1 film reel (30 min.) :$bsd., col. ;$c16 mm.
=500  \\$aTitle from data sheet.
=500  \\$aIntended audience: High school through college students and adults.
=508  \\$aEditor, Don Wilkins.
=520  \\$aPresents a year-long exploration of the forces that move and shape a sandy coastline, fostering an understanding of processes and problems.
=650  \0$aCoasts.
=710  2\$aJim Gabriel Productions.
=710  2\$aCircle Oak Productions.
=852  0\$822147076670002311$bST$cFILM$hGB451.2$i.P6

