=LDR  01076agm  2200265u  4500
=001  995542090102311
=005  20150603222947.0
=007  mr-caaad\\\\\\\\\\\\\\\
=008  841003s1979\\\\enk025u\\\\\\\\\\0mneng\d
=035  \\$a(TU)000554209UTK01
=035  9\$a582003
=035  \\$a(OCoLC)11223286
=040  \\$aTKN$cTKN
=049  \\$atknk
=090  \\$aQE511.5$b.D68
=099  \\$aQE511.5.D68
=245  00$aDrifting continents$h[motion picture] /$cproduction for the Open University [by] BBC-TV.
=260  \\$aSan Diego, Calif. :$bUniversity Media,$c1979.
=300  \\$a1 film reel (25 min.) :$bsd., col. ;$c16 mm.
=508  \\$aSpeakers, Chris Wilson, Geoff Brown.
=520  \\$aDocuments the use of palaeoclimatology, palaeomagnetism, fossil faunal provinces, and old fold-belt mountain chain matching to document the breakup of Europe and North America during the Mesosoic and Cenozoic eras.
=650  \0$aContinental drift.
=710  2\$aBritish Broadcasting Corporation.$bTelevision Service.
=710  2\$aOpen University.
=852  0\$822211640370002311$bST$cFILM$hQE511.5$i.D68

