=LDR  01334agm  2200313u  4500
=001  992075180102311
=005  20150603175925.0
=007  vc\aha\\\
=008  800326s1975\\\\xxu058\e\\\\\f\\\0vleng\c
=010  \\$a80706290 /F
=035  \\$a(TU)000207518UTK01
=035  9\$a225255
=035  \\$a(OCoLC)06332739
=040  \\$aNational Audiovisual Center$cDLC$dm.c.$dTKN
=049  \\$aTKNk
=090  \\$aGN21.M36$bR4
=099  \\$aGN21.M36R4
=245  00$aReflections--Margaret Mead.$h[videorecording] /$cInternational Communication Agency.
=260  \\$aWashington :$bThe Agency : distributed by National Audiovisual Center,$c1975.
=300  \\$a1 videorecording, 58 min. :$bsd.,col.
=500  \\$aTitle from data sheet.
=500  \\$aAvailable in cassette (U standard 3/4 in. or Beta 1 1/2 in. or Beta 2 1/2 in. or VHS 1/2 in.) or on reel (1 in. or 2 in.)
=500  \\$aAlso issued as motion picture.
=508  \\$aProducer, Timothy White.
=520  \\$aMargaret Mead talks about a wide range of subjects, including her childhood, her studies of primitive peoples, the evolution of women's suffrage, World War II, the atomic bomb, mental health, and the environment.
=600  10$aMead, Margaret,$d1901-1978.
=700  1\$aMead, Margaret,$d1901-1978.
=710  1\$aUnited States.$bInternational Communication Agency.
=966  \\$aprimo

