=LDR  00959agm  2200277u  4500
=001  995253120102311
=005  20150603222436.0
=007  vf\cuaho\
=008  821028s1981\\\\miu050ue\\\\\\\\\0vleng\d
=035  \\$a(TU)000525312UTK01
=035  9\$a552255
=035  \\$a(OCoLC)08901260
=040  \\$aTHC$cTHC$dTKN
=049  \\$aTKNk
=090  \\$aHF5549$b.B532
=090  \\$aHF5549$b.O55
=099  \\$aHF5549.O55
=245  04$aThe one minute manager$h[videorecording] /$cwith Kenneth Blanchard.
=260  \\$aFarmington Hills, MI. :$b20th Century Fox Video,$c1981.
=300  \\$a1 videocassette (50 min.) :$bsd., col. ;$c1/2 in. +$eleader's manual & discussion guide.
=500  \\$aBased on the book: The one minute manager.
=520  \\$aDiscusses management techniques which lead to increase productivity, personal prosperity, and corporate profit.
=650  \0$aPersonnel management.
=650  \0$aManagement.
=700  1\$aBlanchard, Kenneth H.
=966  \\$aprimo

