=LDR  01014agm  2200265u  4500
=001  995386830102311
=005  20150603222628.0
=007  mr-caaad\\\\\\\\\\\\\\\
=008  790629s1968\\\\cau025ugz\\\\\\\\0mleng\d
=035  \\$a(TU)000538683UTK01
=035  9\$a565872
=035  \\$a(OCoLC)05121039
=040  \\$aINT$cINT$dm.c.$dTKN
=049  \\$aTKNk
=090  \\$aBF408$b.W49
=099  \\$aBF408.W49
=245  00$aWhy man creates.$h[motion picture] /$cKaiser Aluminum and Chemical Corp. ; made by Saul Bass and Associates.
=260  \\$aSanta Monica, Calif. :$bPyramid Films,$c1968.
=300  \\$a1 reel, 25 min. :$bsd.,col. ;$c16 mm.$e& study guide.
=520  \\$aDemonstrates in its form and content, the nature of the creative process and discusses the variety, richness, and importance of creative vision.
=650  \0$aCreation (Literary, artistic, etc.)
=650  \0$aCreative ability.
=710  2\$aKaiser Aluminum and Chemical Corporation.
=852  0\$822150679240002311$bST$cFILM$hBF408$i.W49
=966  \\$aprimo

