=LDR  01081agm  2200289u  4500
=001  994865820102311
=005  20150603214658.0
=007  mr-caaad\\\\\\\\\\\\\\\
=008  800421s1979\\\\xxu029\e\\\\\s\\\0mleng\c
=010  \\$a80700318 /F
=035  \\$a(TU)000486582UTK01
=035  9\$a512593
=035  \\$a(OCoLC)06425011
=040  \\$aCINE$cDLC$dm.c.$dTKN
=049  \\$aTKNk
=050  \\$aHD9502
=090  \\$aHD9502.A2$bA7
=099  \\$aHD9502.A2A7
=245  00$aAggressive energy management.$h[motion picture] /$cEnergy, Environment, and Resources Center, University of Tennessee.
=260  \\$aKnoxville :$bEnergy Opportunities Consortium,$c1979.
=300  \\$a1 reel, 29 min. :$bsd.,col. ;$c16 mm.
=500  \\$aTitle from data sheet.
=500  \\$aProducer, Roger A. Shinn.
=520  \\$aShows the origins of the current energy crisis and offers suggestions for an energy management program applicable to industry, business, and homes.
=650  \0$aEnergy policy.
=710  2\$aUniversity of Tennessee, Knoxville.$bEnergy, Environment, and Resources Center.
=966  \\$aprimo

