=LDR  01155agm  2200301u  4500
=001  993708100102311
=005  20150603204608.0
=007  vf\c\ahr\
=008  790802s1978\\\\ilu029ue\\\\\\\\\0vleng\d
=020  \\$c285.00
=035  \\$a(TU)000370810UTK01
=035  9\$a393270
=035  \\$a(OCoLC)05233187
=040  \\$aNDS$cNDS$dOCL$dm.c.$dTKN
=049  \\$aTKNk
=090  \\$aPS3545.E6$bZ657
=099  \\$aPS3545.E6Z657
=245  00$aEudora Welty.$h[videorecording]
=260  \\$aChicago, Ill. :$bPerspective Films,$cc1978.
=300  \\$a1 cassette, 29 min. :$bsd.,col. ;$c3/4 in.
=490  0\$aThe Writer in America
=508  \\$aProducer, director, Richard O. Moore; photographer, editor, Philip Greene.
=520  \\$aShows Eudora Welty in her home in Jackson, Miss. She discusses her work and her background as a writer, shows her photographs from the 1930's, and reads from "Petrified Man," "The Wanderers," and Ḻo̲s̲i̲ṉg̲ Ḇa̲ṯṯḻe̲s̲.
=600  10$aWelty, Eudora,$d1909-
=650  \0$aNovelists, American$y20th century$vBiography.
=700  1\$aMoore, Richard O.$c(Filmmaker)
=710  2\$aPerspective Films (Firm)
=966  \\$aprimo

