=LDR  01484cgm  22003491i 4500
=001  994128120102311
=005  20150603211018.0
=007  vf\c\ahr\
=008  790720s1978\\\\dcu020\e\\\\\f\\\\vleng\c
=010  \\$a79706708
=035  \\$a(TU)000412812UTK01
=035  9\$a436601
=035  \\$a(OCoLC)05888436
=040  \\$aNational Audiovisual Center$cDLC$dOCL
=043  \\$an-us---
=082  \\$a301.45092
=090  \\$aE185.97.W615$bR6
=245  00$aRoy Wilkins :$bthe right to dignity$h[videorecording] /$cUnited States International Communication Agency.
=260  \\$aWashington :$bThe Agency : distributed by National Audiovisual Center,$c1978.
=300  \\$a1 cassette, 20 min. :$bsd., col. ;$c3/4 in.
=500  \\$aTitle from data sheet.
=500  \\$aU standard.
=500  \\$aAlso issued as motion picture.
=508  \\$aNarrator, Sidney Poitier.
=520  \\$aReviews the career of Black activist Roy Wilkins with the National Association for the Advancement of Colored People. Outlines the growth and impact of the organization, including its role in the 1954 Supreme Court ruling on school desegregation and the landmark civil rights legislation of the 1960's.
=600  10$aWilkins, Roy,$d1901-
=610  20$aNational Association for the Advancement of Colored People.
=650  \0$aAfrican Americans$xCivil rights.
=650  \0$aAfrican Americans$vBiography.
=710  1\$aUnited States.$bInternational Communication Agency.
=966  \\$aprimo
=994  \\$aE0$bTKN

