=LDR  01050agm  2200265u  4500
=001  994480050102311
=005  20150603212825.0
=007  vfucn\\\\
=008  811005s1980\\\\cau090ueo\\\\\\\\0vleng\d
=035  \\$a(TU)000448005UTK01
=035  9\$a472829
=035  \\$a(OCoLC)07817610
=040  \\$aORW$cORW$dTKN
=049  \\$aTKNk
=090  \\$aQC16.O62$bD3
=099  \\$aQC16.O62D3
=245  04$aThe day after trinity$h[videorecording] /$cby Jon Else.
=260  \\$aSanta Monica, Calif. :$bPyramid Films,$cc1980.
=300  \\$a2 videocassettes (90 min.) :$bsd., col. ;$c3/4 in.
=508  \\$aProducer and director, Jon Else; writers, David Peoples, Janet Peoples, Jon Else; narrator, Paul Frees.
=520  \\$aPeople who worked with J. Robert Oppenheimer discuss the man, his role in the development of the atomic bomb, his fall from grace during the McCarthy era, and his desire to see nuclear proliferation controlled.
=600  10$aOppenheimer, J. Robert,$d1904-1967.
=650  \0$aAtomic bomb$xHistory.
=700  1\$aElse, Jon,$d1944-
=966  \\$aprimo

