=LDR  01348agm  2200337u  4500
=001  994932030102311
=005  20150603214951.0
=007  mrucaaad\\\\\\\\\\\\\\\
=008  830118s1982\\\\cau022\e\\\\\\\\\0mleng\c
=010  \\$a82700647 /F
=035  \\$a(TU)000493203UTK01
=035  9\$a519366
=035  \\$a(OCoLC)09350299
=040  \\$aCRM/McGraw-Hill Films$cDLC$dTKN
=049  \\$aTKNk
=050  \\$aHF5549.5.C6
=090  \\$aHF5549.5.C6$bC65 1982
=099  \\$aHF5549.5.C6C65 1982
=245  00$aCommunicating non-defensively$h[motion picture] :$bdon't take it personally /$cCRM Productions.
=260  \\$aDel Mar, CA :$bCRM/McGraw-Hal Films,$c1982.
=300  \\$a1 film reel (22 min.) :$bsd., col. ;$c16 mm. +$e1 leader's guide.
=500  \\$aTitle from data sheet.
=500  \\$aIntended audience: Senior high school through college students and adults.
=500  \\$aIssued also as videorecording.
=520  \\$aUses a series of vignettes to illustrate common examples of defensive behavior. Shows steps to ease this behavior with the viewpoint of enhancing relationships with both subordinates and superiors.
=650  \0$aCommunication in personnel management.
=650  \0$aInterpersonal communication.
=650  \0$aDefense mechanisms (Psychology)
=710  2\$aCRM Productions.
=710  2\$aCRM/McGraw-Hill Films.
=966  \\$aprimo

