=LDR  01192agm  2200325u  4500
=001  994380530102311
=005  20150603212337.0
=007  mr-caaad\\\\\\\\\\\\\\\
=008  740426s1974\\\\xxu021\d\\\\\\\\\0mleng\c
=010  \\$a74700656 /F
=035  \\$a(TU)000438053UTK01
=035  9\$a462556
=035  \\$a(OCoLC)05551464
=040  \\$aEBEC$cDLC$dm.c.$dOCL$dTKN
=043  \\$an-us-ca
=049  \\$aTKNk
=050  \\$aQE535.2
=090  \\$aQE535.2.U6$bS3
=099  \\$aQE535.2.U6S3
=245  04$aThe San Andreas Fault.$h[motion picture]
=260  \\$bEncyclopaedia Britannica Educational Corp.,$c1974.
=300  \\$a21 min.$bsd.,color.$c16 mm.
=500  \\$aProduced in cooperation with the American Geological Institute.
=500  \\$aWith teacher's guide.
=508  \\$aProducer, Bert van Bork; collaborators, William H. Matthews, John S. Shelton.
=520  \\$aDescribes the scientific equipment used to monitor and evaluate the movements and shifts of the San Andreas Fault zone in California.
=650  \0$aSeismology$zCalifornia.
=651  \0$aSan Andreas Fault.
=710  2\$aEncyclopaedia Britannica Educational Corporation.
=852  0\$822152553920002311$bST$cFILM$hQE535.2.U6$iS3

