=LDR  00940agm  2200265u  4500
=001  994380560102311
=005  20150603212337.0
=007  mrrcaaad\\\\\\\\\\\\\\\
=008  830204s1981\\\\cau024u\r\\\\\\\\0mleng\d
=035  \\$a(TU)000438056UTK01
=035  9\$a462559
=035  \\$a(OCoLC)09188424
=040  \\$aTKN$cTKN
=049  \\$atknk
=090  \\$aQE511.7$b.S7
=099  \\$aQE511.7.S7
=245  00$aSpreading oceans$h[motion picture] /$cproduced by BBC-TV, Open University.
=260  \\$aSan Diego, Calif. :$bMedia Guild,$c1981.
=300  \\$a1 film reel (24 min.) :$bsd., col. ;$c16 mm. +$e1 guide.
=500  \\$aCataloging information taken from guide.
=520  \\$aPresents evidence supporting the concept of sea-floor spreading and the movement and distribution of techtonic plates.
=650  \0$aSea-floor spreading.
=710  2\$aBritish Broadcasting Corporation.$bTelevision Service.
=710  2\$aOpen University.
=966  \\$aprimo

