=LDR  01741agm  2200397u  4500
=001  995269360102311
=005  20100201105914.0
=007  vducgaizu
=008  830610s1982\\\\ilu360u\\\\\\\\\\0vleng\d
=035  \\$a(TU)000526936UTK01
=035  9\$a553899
=040  \\$aTKN$cTKN
=049  \\$atknk
=090  \\$aQL751$b.D47
=245  04$aThe Discovery of animal behaviour$h[videorecording] /$ca co-production of BBC-TV, RM Productions and WNET, New York.
=260  \\$aWilmette, Ill. :$bFilms Incorporated,$cc1982.
=300  \\$a6 videodiscs :$bdigital ;$c4 3/4 in.
=440  \0$aNature
=500  \\$aReproduction from U-matic.
=538  \\$aDVD.
=505  0\$a1. Natural mysteries -- 2. In praise of God -- 3. Search for the mind. -- 4. Question of learning -- 5. Signs and signals -- 6. Living together.
=508  \\$aWriter, John Sparks; narrator, Donald Johanson.
=520  \\$aExamines how naturalists, environmentalists and scientists have uncovered the secrets of why animals behave as they do. Presents a unique look at the work of Darwin, Pavlov, Lorenz, Morgan and other famed scientists and how their work improved man's understanding of himself through a knowledge of the social interactions of animals.
=650  \0$aAnimal behavior.
=710  2\$aBritish Broadcasting Corporation.$bTelevision Service.
=710  2\$aR.M. Productions.
=710  2\$aWNET (Television station : New York, N.Y.)
=740  0\$aAnimal behavior series.
=740  0\$aNatural mysteries.
=740  0\$aAnimals in action.
=740  0\$aIn praise of God.
=740  0\$aSearch for the mind.
=740  0\$aQuestion of learning.
=740  0\$aSigns and signals.
=740  0\$aLiving together.
=852  0\$822250938300002311$bH$cDVD$h QL751$i .D47

