=LDR  01374cgm  2200349Ia 4500
=001  992197130102311
=005  20150603181025.0
=007  vf\bbaho\
=008  800311s1978\\\\cau088\g\\\\\\\\\\vleng\d
=035  \\$a(TU)000219713UTK01
=035  9\$a238865
=035  \\$a(OCoLC)06069299
=040  \\$aMNJ$cMNJ$dTLM$dVRU$dOCL$dOCLCQ
=090  \\$aPN1997$b.M24
=245  04$aThe Magnificent Ambersons$h[videorecording] /$cRKO Radio Pictures, Inc.
=260  \\$aLos Angeles :$bNostalgia Merchant,$c1978.
=300  \\$a1 videocassette (88 min.) :$bsd., b&w ;$c1/2 in.
=538  \\$aVHS format.
=500  \\$aVideocassette release of the 1942 motion picture by RKO Radio Pictures.
=500  \\$aBased on the novel by Booth Tarkington.
=511  1\$aTim Holt, Joseph Cotten, Dolores Costello, Anne Baxter, Agnes Moorehead, Ray Collins.
=508  \\$aOrson Welles, director and producer; screenplay by Orson Welles.
=520  \\$aPortrait of the decline of an aristocratic Midwestern family as the industrial 20th century begins.
=650  \0$aFeature films.
=700  1\$aWelles, Orson,$d1915-
=700  1\$aCotten, Joseph,$d1905-
=700  1\$aBaxter, Anne.
=700  1\$aHolt, Tim,$d1918-1973.
=700  1\$aTarkington, Booth,$d1869-1946.$tMagnificent Ambersons.
=710  2\$aRKO Radio Pictures.
=852  0\$822250946610002311$bH$cVIDE2$h PN1997$i .M24
=994  \\$aE0$bTKN

