=LDR  00866agm  2200265u  4500
=001  993990940102311
=005  20150603210245.0
=007  g--c---j\
=008  780208s1974\\\\xx\045uf\\\\\\\\\0sueng\d
=035  \\$a(TU)000399094UTK01
=035  9\$a422235
=035  \\$a(OCoLC)03618785
=040  \\$aNEM$cNEM$dTKN
=049  \\$aTKN5
=090  \\$aS591$b.C3
=099  \\$aS591.C3
=245  00$aCation exchange properties of soils.$h[slide]
=260  \\$aMadison, Wisc. :$bSoil Science Society of America,$c[1974?]
=300  \\$a45 slides :$bcol. ;$c2x2 in.$e& study guide.
=500  \\$aSlides in 1 carousel.
=520  \\$aExamines the cation absorption and desorption as a mechanism regulating reactivity of cations in soils.
=650  \0$aSoil science.
=650  \0$aCations.
=710  2\$aSoil Science Society of America.
=852  0\$822198710280002311$bST$cSTOR4$hS591$i.C3

