=LDR  01451agm  2200325u  4500
=001  994908780102311
=005  20150603214837.0
=007  vf\ccahru
=008  830825s1972\\\\ilu028u\\\\\\\\\\0vleng\d
=035  \\$a(TU)000490878UTK01
=035  9\$a516978
=035  \\$a(OCoLC)09845000
=040  \\$aFJK$cFJK$dTKN
=049  \\$aTKNk
=090  \\$aDD256.5$b.R49
=099  \\$aDD256.5.R49
=245  04$aThe Rise and fall of the Third Reich.$pPart 2. Nazi Germany, years of triumph$h[videorecording] /$cWolper Productions.
=260  \\$aWilmette, Ill. :$bFilms Incorporated,$c1972.
=300  \\$a1 videocassette (28 min.) :$bsd., b&w. ;$c3/4 in.
=538  \\$aU-matic.
=500  \\$aPart two of a series based on the book: The rise and fall of the Third Reich by William L. Shirer.
=508  \\$aProducer and director, Jack Kaufman ; narrator, Richard Basehart.
=520  \\$aTraces the expansion of Nazi Germany from Hitler's accession as Chancellor to the fall of France. Shows how terror and propaganda can transform a democratic government into an absolute dictatorship and examines the goals and ideals of the Nazi state.
=600  10$aHitler, Adolf,$d1889-1945.
=651  \0$aGermany$xPolitics and government$y1933-1945.
=700  1\$aShirer, William L.$q(William Lawrence),$d1904-$tRise and fall of the Third Reich.
=710  2\$aWolper Productions.
=710  2\$aFilms Incorporated.
=740  0\$aNazi Germany, years of triumph
=966  \\$aprimo

