=LDR  00319arm  2200133u  4500
=001  995632710102311
=005  19970222000000.0
=008  \\\\\\s2000\\\\\\\\\\\\\\\\\\000\\\eng\d
=035  \\$a(TU)000563271UTK01
=035  9\$a591883
=099  \\$a372.73B922
=100  \\$aBuckeye.
=245  10$aCreative geometry experiments
=260  \\$aTroy$c1970

