=LDR  00306arm  2200133u  4500
=001  995632490102311
=005  19970222000000.0
=008  \\\\\\s2000\\\\\\\\\\\\\\\\\\000\\\eng\d
=035  \\$a(TU)000563249UTK01
=035  9\$a591858
=099  \\$a372.5C938L
=100  \\$aCrocker.
=245  10$aLets build
=260  \\$aEau Claire$c1944

