=LDR  01017agm  2200277u  4500
=001  994981630102311
=005  20150603215144.0
=007  vfrbnaho\
=008  830504s1980\\\\cau075u\\\\\\\\\\0vleng\d
=035  \\$a(TU)000498163UTK01
=035  9\$a524467
=035  \\$a(OCoLC)09478756
=040  \\$aTKN$cTKN
=049  \\$atknk
=090  \\$aPN1997$b.O827
=099  \\$aPN1997.O827
=245  00$aOur daily bread$h[videorecording] /$cViking Productions.
=260  \\$a[Hollywood, Calif.] :$bHollywood Home Theatre,$cc1980.
=300  \\$a1 videocassette (VHS) (75 min.) :$bsd., b&w ;$c1/2 in.
=508  \\$aDirector, King Vidor.
=511  1\$aKaren Morley, Tom Keene, Barbara Pepper, Addison Richards, John Qualen.
=520  \\$aDepression era drama. Led by an energetic young couple, a cross-section of America's unemployed cooperate to make a communal farm succeed.
=650  \0$aFeature films.
=700  1\$aVidor, King,$d1894-1982.
=710  2\$aViking Productions.
=852  0\$822250973320002311$bH$cVIDEO$h PN1997$i .O827

