=LDR  01605agm  2200409u  4500
=001  993830530102311
=005  20150603205247.0
=007  vc\abaho\
=008  820428s1982\\\\enk479ug\\\\\\\\\1vleng\d
=035  \\$a(TU)000383053UTK01
=035  9\$a405711
=035  \\$a(OCoLC)08376604
=040  \\$aSFU$cSFU$dTKN
=049  \\$aTKNk
=090  \\$aPN1997$b.L57
=099  \\$aPN1997.L57
=245  14$aThe Life and adventures of Nicholas Nickleby$h[videorecording] /$cadapted by David Edgar from the novel by Charles Dickens.
=260  \\$a[London] :$bPrimetime Television in association with Channel Four Great Britain and RM Productions,$cc1982.
=300  \\$a4 cassettes (479 min.) :$bsd., col. ;$c1/2 in. +$e1 booklet ([8] p. : ill. ; 23 cm.)
=500  \\$aVHS format, reproduced in Dolby stereo.
=500  \\$aVideotape of London production, based on original stage production by Trevor Nunn and John Caird, available from CBS Video Enterprises.
=508  \\$aProducer, Colin Callender; director, Jim Goddard.
=511  1\$aRoger Rees; Royal Shakespeare Company.
=518  \\$aTaped at the Old Vic, London.
=700  1\$aDickens, Charles,$d1812-1870.$tNicholas Nickleby.
=700  1\$aRees, Roger.
=700  1\$aEdgar, David,$d1948-
=700  1\$aNunn, Trevor.
=700  1\$aCaird, John.
=700  1\$aCallender, Colin.
=700  1\$aGoddard, Jim.
=710  2\$aRoyal Shakespeare Company.
=710  2\$aPrimetime Television.
=710  2\$aR.M. Productions.
=710  2\$aChannel Four (Great Britain)
=740  0\$aNicholas Nickleby.
=852  0\$822250975620002311$bH$cVIDE2$h PN1997$i .L57

