=LDR  00949agm  2200277u  4500
=001  994998130102311
=005  20150603215214.0
=007  mrrbaaad\\\\\\\\\\\\\\\
=008  840117s1946\\\\dcu045ue\\\\\f\\\0mleng\d
=035  \\$a(TU)000499813UTK01
=035  9\$a526145
=035  \\$a(OCoLC)10306938
=040  \\$aIBS$cIBS$dTKN
=043  \\$aa-cc---
=049  \\$aTKNk
=090  \\$aD767.3$b.C45
=099  \\$aD767.3.C45
=245  00$aChina crisis$h[motion picture].
=260  \\$aWashington, D.C. :$bU.S. Army Air Forces,$c[1946]
=300  \\$a1 film reel (45 min.) :$bsd., b&w ;$c16 mm.
=500  \\$aVideocassette copy.
=520  \\$aDocumentary record of the operations of the U.S. 14th Air Force in its support of the Chinese Army during the spring and summer campaigns of 1944.
=650  \0$aWorld War, 1939-1945$zChina.
=650  \0$aWorld War, 1939-1945$xAerial operations, American.
=710  1\$aUnited States.$bArmy Air Forces.
=966  \\$aprimo

