=LDR  01238agm  2200313u  4500
=001  992228020102311
=005  20150603181259.0
=007  vc\aha\\\
=008  810527s1980\\\\nyu160u\00000\\\\0vleng\d
=035  \\$a(TU)000222802UTK01
=035  9\$a242234
=035  \\$a(OCoLC)07449131
=040  \\$aNOC$cNOC$dTKN
=049  \\$aTKNk
=090  \\$aPN1997$b.A32415
=099  \\$aPN1997.A32415
=245  00$aAll's well that ends well$h[videorecording] /$cBBC Television in association with Time-Life Television.
=260  \\$aNew York :$bTime-Life Multimedia,$c1980.
=300  \\$a3 videocassettes (ca. 160 min.) :$bsd., col. ;$c3/4 in.
=490  0\$aThe Shakespeare plays
=500  \\$aVHS format.
=508  \\$aProducer, Jonathan Miller; director, Elijah Moshinsky; literary consultant, Dr. John Wilders.
=511  1\$aCelia Johnson, Ian Charleson, Michael Hordern, Angela Down, Peter Jeffrey, Kevin Stoney.
=520  \\$aPresents a dramatization of William Shakespeare's play entitled All's well that ends well.
=650  \0$aFeature films.
=700  1\$aShakespeare, William,$d1564-1616.$tAll's well that ends well.
=710  2\$aBritish Broadcasting Corporation.$bTelevision Service.
=710  2\$aTime-Life Television.
=966  \\$aprimo

