=LDR  01431agm  2200337u  4500
=001  991178070102311
=005  20150603165351.0
=007  gc\bfb\\\
=008  800930s1979\\\\nyu492u\r\\\\\\\\0f\eng\d
=035  \\$a(TU)000117807UTK01
=035  9\$a130719
=035  \\$a(OCoLC)06770546
=040  \\$aFJD$cFJD$dTKN
=049  \\$aTKNk
=090  \\$aHD8066$b.A66
=245  04$aThe American labor movement :$ba fight for human dignity.$h[filmstrip]
=260  \\$a[New York] :$bEducational Enrichment Materials,$cc1979.
=300  \\$a6 rolls :$bcol. ;$c35 mm.$e& 6 cassettes (2-track. mono.), and teacher's guide.
=500  \\$aMounted as 509 slides in 6 carousels.
=505  0\$a1. A new country--a land of work. 80 fr.--2. The new American workers. 77 fr.--3. Slavery, the Civil War, and after. 90 fr.--4. The difficult struggle. 85 fr.--5. Labor comes of age--hard times and war. 82 fr.--6. The modern era, the future. 78 fr.
=650  \0$aLabor movement$zUnited States.
=651  \0$aUnited States$xEconomic conditions.
=651  \0$aUnited States$xSocial conditions.
=710  2\$aEducational Enrichment Materials, inc.
=740  0\$aNew country--a land of work.
=740  0\$aNew American workers.
=740  0\$aSlavery, the Civil War, and after.
=740  0\$aDifficult struggle.
=740  0\$aLabor comes of age--hard times and war.
=740  0\$aModern era, the future.
=852  0\$822166503040002311$bST$cSLIDE$hHD8066$i.A66

