=LDR  00336arm  2200145u  4500
=001  995573730102311
=005  19970222000000.0
=008  \\\\\\s2000\\\\\\\\\\\\\\\\\\000\\\eng\d
=035  \\$a(TU)000557373UTK01
=035  9\$a585361
=099  \\$a387.7S8446n
=100  \\$aStevens.
=245  10$aNorth Atlantic jet flight
=260  \\$aNY$c1968
=966  \\$aprimo

