=LDR  00370arm  2200133u  4500
=001  995486040102311
=005  20070425104125.0
=008  030824s1945\\\\\\\\\\\\\\\\\\000\\\eng\d
=035  \\$a(TU)000548604UTK01
=035  9\$a576166
=090  \\$aHC107.T2$bM3
=245  10$aManufacturers record featuring Tennessee
=260  \\$aBaltimore$c1945
=852  01$822201510310002311$bH$cSTACK$hHC107.T2$iM3

