=LDR  00329arm  2200133u  4500
=001  995132910102311
=005  19970222000000.0
=008  \\\\\\s2000\\\\\\\\\\\\\\\\\\000\\\eng\d
=035  \\$a(TU)000513291UTK01
=035  9\$a540052
=099  \\$a398.2J17en
=100  1\$aJacobs, Friedrich,$d1764-1847.
=245  10$aEnglish fairy tales
=260  \\$aNY$c1967

