=LDR  01777agm  2200337u  4500
=001  995571500102311
=005  20150603223019.0
=007  vfrcuaho\
=008  841002r19841983nyu928u\\\\\\\\\\0vlger\d
=035  \\$a(TU)000557150UTK01
=035  9\$a585112
=035  \\$a(OCoLC)11218259
=040  \\$aNOC$cNOC$dTKN
=041  \\$ager$beng
=049  \\$aTKNk
=090  \\$aPN1997$b.B469
=099  \\$aPN1997.B469
=245  00$aBerlin Alexanderplatz$h[videorecording] /$cTele-Culture presents, a Vandham Productions, Ltd. ; [written and directed by Rainer Werner Fassbinder].
=260  \\$aNew York, N.Y. :$bMGM/UA Home Video,$c1984, c1983.
=300  \\$a8 videocassettes (928 min.) :$bsd., col. ;$c1/2 in.
=500  \\$aOriginally shown on German television in 13 parts and an epilogue. This is the original, uncut version.
=500  \\$aSubtitles in English.
=500  \\$aBased on Alfred Döblin's novel, set in pre-Nazi Berlin.
=511  1\$aGünter Lamprecht, Hanna Schygulla, Barbara Sukowa, Elisabeth Trissenaar.
=520  \\$aStory of Franz Biberkopf, a former transportation worker. When we first see Franz, he has just been released from prison where he has served four years for an irrational act of violence. He returns to his Berlin neighborhood resolved to go straight. At first, he is able to honor his vow of decency, but then forces outside him, his environment, the influences of his cronies, the grinding poverty, and the decay of society ... overwhelm him, and he begins his duel with Fate.
=650  \0$aFeature films.
=700  1\$aFassbinder, Rainer Werner,$d1946-
=700  1\$aDöblin, Alfred,$d1878-1957.$tBerlin Alexanderplatz.
=710  2\$aTeleCulture, Inc.
=710  2\$aVandham Productions.
=852  0\$822250947410002311$bH$cVIDE2$h PN1997$i .B469

