=LDR  00324arm  2200145u  4500
=001  995609760102311
=005  20000405093600.0
=008  900101s1962\\\\nyu\\\\\\\\\\\\\\\\\engsd
=035  \\$a(TU)000560976UTK01
=035  9\$a589424
=099  \\$a353.03J67p
=100  1\$aJohnson.
=245  14$aThe Presidency
=260  \\$aNY$c1962
=966  \\$aprimo

