=LDR  01353cgm  2200349Ia 4500
=001  994106950102311
=005  20150603210906.0
=008  810429r19561956dcu029\\\\\\\\\\\\mleng\d
=035  \\$a(TU)000410695UTK01
=035  9\$a434403
=035  \\$a(OCoLC)07375187
=040  \\$aTKN$cTKN$dOCLCQ
=043  \\$an-us---
=049  \\$aTKNN
=090  \\$aE839$b.K4
=100  1\$aKefauver, Estes,$d1903-1963.
=245  10$a[Estes Kefauver and Eleanor Roosevelt]$h[videorecording] /$c[Estes Kefauver and Eleanor Roosevelt ; issued by] Stevenson-Kefauver Campaign Committee.
=260  \\$a[Washington, D.C.] :$bABC TV News,$c1956.
=300  \\$a1 videodisc :$bdigital ;$c4 3/4 in.
=538  \\$aDVD
=500  \\$aReproduction from a U-matic.
=500  \\$aIssued without title.
=500  \\$aOriginally with a separate sound track which is now missing.
=530  \\$aAlso available in VHS.
=520  \\$aA campaign speech by Estes Kefauver filmed on Oct. 16, 1956. Also includes a brief appearance by Eleanor Roosevelt.
=650  \0$aCampaign speeches, 1956$xDemocratic.
=650  \0$aPresidents$zUnited States$xElections$y1956.
=700  1\$aRoosevelt, Eleanor,$d1884-1962.
=710  2\$aStevenson-Kefauver Campaign Committee.
=852  0\$822250896660002311$bH$cDVD$h E839$i .K4
=852  0\$822250957370002311$bH$cVIDEO$h E839$i .K4
=994  \\$aC0$bTKN

