=LDR  00314arm  2200133u  4500
=001  995650790102311
=005  20000406134500.0
=008  900101s1955\\\\nyu\\\\\\\\\\\\\\\\\engsd
=035  \\$a(TU)000565079UTK01
=035  9\$a593909
=099  \\$a398.2Y71wo
=100  0\$aYoung.
=245  14$aThe wonder smith and his son
=260  \\$aNY$c1955

