=LDR  00296arm  2200121u  4500
=001  995389110102311
=005  19970222000000.0
=008  \\\\\\s2000\\\\\\\\\\\\\\\\\\000\\\eng\d
=035  \\$a(TU)000538911UTK01
=035  9\$a566155
=099  \\$aBF636.A6
=245  10$aApplied Psychology monographs
=260  \\$aStanford$c1943

