=LDR  01084agm  2200301u  4500
=001  995194180102311
=005  20150603215859.0
=007  vf-caahr\
=008  820518s1981\\\\nyu030ue\\\\\\\\\0vleng\d
=035  \\$a(TU)000519418UTK01
=035  9\$a546269
=035  \\$a(OCoLC)08439453
=040  \\$aCSA$cCSA$dTKN
=049  \\$aTKNk
=090  \\$aHF6146.T42$bP6
=099  \\$aHF6146.T42P6
=245  00$aPolitical spots$h[videorecording] /$cLaybourne/Lemle, Inc. in association with WQED Pittsubrgh.
=260  \\$aNew York :$bTime-Life Video,$c1981.
=300  \\$a1 vidoecassette (30 min.) :$bsd., col. ;$c3/4 in.
=440  \0$aMedia probes.
=508  \\$aProducer/Director, Alan Goldberg and Mickey Lemle.
=520  \\$a"Blending wit and information, this program is a primer on the techniques used by today's political media makers."
=650  \0$aTelevision advertising$xPolitical aspects.
=650  \0$aTelevision and politics$zUnited States.
=710  2\$aLaybourne/Lemle Inc.
=710  2\$aWQED (Television station : Pittsburgh, Pa.)
=710  2\$aTime-Life Video.
=966  \\$aprimo

