=LDR  01295agm  2200337u  4500
=001  994771470102311
=005  20150603214328.0
=007  mr-caaad\\\\\\\\\\\\\\\
=008  721020s1972\\\\xxu042\e\\\\\\\\\0mleng\c
=010  \\$a72702512 /F
=035  \\$a(TU)000477147UTK01
=035  9\$a502848
=035  \\$a(OCoLC)05553292
=040  \\$aMcGraw-Hill Book Co.$cDLC$dm.c.$dTKN
=049  \\$aTKNk
=050  \\$aHN17.5
=090  \\$aHN17.5$b.F8
=099  \\$aHN17.5.F8
=245  00$aFuture shock.$h[motion picture]
=260  \\$bMetromedia Producers Corp.$bReleased by McGraw-Hill,$c1972.
=300  \\$a42 min.$bsd.,color.$c16 mm.
=500  \\$aWith teacher's guide.
=508  \\$aProducer and director, Alex Grasshoff; teleplay, Ken Rosen; narrator, Orson Welles.
=520  \\$aBased on Alvin Toffler's book of the same title, this film is about change and how man adapts to it. Shows what is happening today to people and groups who are overwhelmed by change and illustrates the emerging world of tomorrow.
=650  \0$aSocial history$y1945-
=650  \0$aSocial change.
=650  \0$aCivilization, Modern$y1950-
=700  1\$aToffler, Alvin.$tFuture shock.
=710  2\$aMetromedia Producers Corporation.
=710  2\$aMcGraw-Hill Films.
=852  0\$822219255040002311$bST$cFILM$hHN17.5$i.F8

