=LDR  00886agm  2200253u  4500
=001  994353580102311
=005  20150603212159.0
=007  mrrcaaad\\\\\\\\\\\\\\\
=008  830126s1982\\\\vau032u\\\\\\\\\\0mleng\d
=035  \\$a(TU)000435358UTK01
=035  9\$a459782
=035  \\$a(OCoLC)09165185
=040  \\$aTKN$cTKN
=049  \\$atknk
=090  \\$aQE320$b.G4
=099  \\$aQE320.G4
=245  04$aThe Geology of Southern Africa /$cintroduced by Brian Skinner.
=260  \\$aHaymarket, Va. :$bEducational Media International,$c1982.
=300  \\$a1 film reel (32 min.) :$bsd., col. ;$c16 mm.
=520  \\$aAn overview of the principal tectonic units and the geologic development of the southern third of Africa.
=650  \0$aGeology$zAfrica, Southern.
=700  1\$aSkinner, Brian J.,$d1928-
=710  2\$aEducational Media International.
=852  0\$822147785740002311$bST$cFILM$hQE320$i.G4

