=LDR  00324arm  2200133u  4500
=001  995609360102311
=005  19970222000000.0
=008  \\\\\\s2000\\\\\\\\\\\\\\\\\\000\\\eng\d
=035  \\$a(TU)000560936UTK01
=035  9\$a589382
=099  \\$a341.13S838u2
=100  \\$aSterling.
=245  10$aUnited Nations NY Photos
=260  \\$aGarden City$c1961

