=LDR  01313agm  2200301u  4500
=001  994981610102311
=005  20150603215144.0
=007  mr\caaad\\\\\\\\\\\\\\\
=008  771010s1976\\\\nyu055uf\\\\\\\\\0mleng\d
=035  \\$a(TU)000498161UTK01
=035  9\$a524465
=035  \\$a(OCoLC)03329055
=040  \\$aWSU$cWSU$dm.c.$dTKN
=049  \\$aTKNk
=090  \\$aN6512.5.N4$bN4
=245  04$aThe New York School.$h[motion picture]
=260  \\$bBlackwood Productions$c[1976?]
=300  \\$a55 min.$bsd.,color.$c16 mm.
=508  \\$aWriter and narrator, Barbara Rose; director, Michael Blackwood.
=520  \\$aThis film explores the "New York School" of abstract expressionism, the first major art movement to be invented in America. Artists are shown working in their studios and talking about works in progress. Some of the artists who discuss the movement are: Willem de Kooning, Adolph Gottlieb, Robert Motherwell, Philip Guston, Jack Tworkov, Jackson Pollock, etc.
=590  \\$aFILM CAN NOT BE CIRCULATED THRU INTERLIBRARY LOAN.
=650  \0$aNew York school of art.
=650  \0$aArts, American$y20th century.
=650  \0$aAbstract expressionism$zUnited States.
=650  \0$aArts, American.
=710  2\$aBlackwood Productions.
=852  0\$822163283290002311$bST$cFILM$hN6512.5.N4$iN4
=966  \\$aprimo

