=LDR  01206agm  2200337u  4500
=001  993359350102311
=005  20150603202328.0
=007  vf-cuafr\
=008  810626s1980\\\\nyu052ue\\\\\\\\\0vceng\d
=035  \\$a(TU)000335935UTK01
=035  9\$a357747
=035  \\$a(OCoLC)07534570
=040  \\$aEAU$cEAU$dTKN
=049  \\$aTKNk
=090  \\$aQH541.5.S3$bS4
=099  \\$aQH541.5.S3S4
=245  04$aThe sea behind the dunes$h[videorecording] /$cWGBH.
=260  \\$aNew York :$bTime-Life Multimedia,$c1980.
=300  \\$a1 videocassette (ca. 52 min.) :$bsd., col. ;$c3/4 in.
=490  1\$aNova series
=500  \\$a"Produced for Nova by Peace River Films."
=520  \\$aDescribes the impact of seasonal changes on the marine and shore life of Pleasant Bay, Cape Cod, Massachusetts.
=650  \0$aMarine ecology$zMassachusetts$zPleasant Bay.
=650  \0$aMarine animals$zMassachusetts$zPleasant Bay.
=650  \0$aShore birds$zMassachusetts$zPleasant Bay.
=650  \0$aSeashore ecology$zMassachusetts$zPleasant Bay.
=650  \0$aBays$zMassachusetts.
=651  \0$aPleasant Bay, Massachusetts.
=710  2\$aWGBH (Television station : Boston, Mass.)
=830  \0$aColección NOVA
=966  \\$aprimo

