=LDR  00334arm  2200145u  4500
=001  995641770102311
=005  19970222000000.0
=008  \\\\\\s2000\\\\\\\\\\\\\\\\\\000\\\eng\d
=010  \\$a64-11464
=035  \\$a(TU)000564177UTK01
=035  9\$a592933
=099  \\$a398.2M786t
=100  \\$aMontgomerie.
=245  10$aTo read & to tell
=260  \\$aNY$c1964

