=LDR  00938agm  2200253u  4500
=001  994771440102311
=005  20150603214327.0
=007  mrrcaaad\\\\\\\\\\\\\\\
=008  830404s1982\\\\ilu025u\\\\\\\\\\0mleng\d
=035  \\$a(TU)000477144UTK01
=035  9\$a502844
=035  \\$a(OCoLC)09372228
=040  \\$aTKN$cTKN
=049  \\$atknk
=090  \\$aHF5549$b.T7
=099  \\$aHF5549.T7
=245  04$aThe Troubled employee$h[motion picture] /$cproduced for Dartnell by Gerald T. Rogers Productions.
=260  \\$aChicago :$bDartnell Corp.,$c1982.
=300  \\$a1 film reel (25 min.) :$bsd., col. ;$c16 mm. +$e1 meeting leader's guide.
=520  \\$aSpells out some of the potential problems that some employees could be facing that interfere with their productivity, their attention span, and their very safety.
=650  \0$aPersonnel management.
=710  2\$aDartnell Corporation.
=710  2\$aGerald T. Rogers Production.
=966  \\$aprimo

