=LDR  01390agm  2200337u  4500
=001  992109840102311
=005  20150603180325.0
=007  \c\bc
=008  810223s1980\\\\nju032u\00001\\\\0sneng\d
=035  \\$a(TU)000210984UTK01
=035  9\$a229135
=035  \\$a(OCoLC)07148180
=040  \\$aTKN$cTKN
=049  \\$atkn5
=090  \\$aSF891$b.D4
=099  \\$aSF891.D4
=245  00$aDetermination of intraocular pressure (IOP) in small animal practice$h[slide] /$cRobert L. Peiffer.
=260  \\$aWashington Crossing, N.J. :$bPitman-Moore, Inc.,$c1980.
=300  \\$a32 slides :$bcol. +$e1 sound cassette (2 track, mono.)
=500  \\$aSlides mounted in 1 carousel.
=500  \\$a"A Pitman-Moore continuing educational program."
=500  \\$aProduced in cooperation with the American Animal Hospital Association.
=500  \\$aInstitution: School of Medicine, University of North Carolina.
=520  \\$aThe dynamics of aqueous formation and excretion are reviewed. Techniques of tonometry are discussed and evaluated including digital, Schiotz, indentation, and applanation tonometry.
=650  \0$aIntraocular pressure.
=650  \0$aVeterinary ophthalmology.
=700  1\$aPeiffer, Robert L.
=710  2\$aUniversity of North Carolina (Chapel Hill campus).$bSchool of Medicine.
=710  2\$aAmerican Animal Hospital Association.
=710  2\$aPitman-Moore, Inc.
=966  \\$aprimo

