=LDR  01044agm  2200313u  4500
=001  994111040102311
=005  20150603210923.0
=007  vf\cbahos
=008  810430s1954\\\\xx\030u\00000\\\\1mleng\d
=035  \\$a(TU)000411104UTK01
=035  9\$a434834
=035  \\$a(OCoLC)07378908
=040  \\$aTKN$cTKN
=049  \\$atknk
=090  \\$aE748.K314$bK4
=100  1\$aKefauver, Estes,$d1903-1963.
=245  10$aSenator Kefauver campaign issues$h[videorecording] /$c[Estes Kefauver]
=260  \\$a[s.l. :$bs.n.,$c1954]
=300  \\$a1 videodisc :$bdigital;$c4 3/4 in.
=490  1\$a[Kefauver tapes ; 5]
=538  \\$aDVD.
=500  \\$aCopied from U-matic.
=520  \\$aSenator Kefauver discusses ten issues of his 1954 Senate campaign.
=530  \\$aAlso available in VHS.
=600  10$aKefauver, Estes,$d1903-1963.
=610  10$aUnited States.$bCongress.$bSenate$xElections.
=830  \0$aKefauver tapes$hvideorecording ;$v5.
=852  0\$822250922780002311$bH$cDVD$h E748 .K314$i K4
=852  0\$822250957170002311$bH$cVIDEO$h E748 .K314$i K4

