=LDR  00333arm  2200145u  4500
=001  995578720102311
=005  19970222000000.0
=008  \\\\\\s2000\\\\\\\\\\\\\\\\\\000\\\eng\d
=035  \\$a(TU)000557872UTK01
=035  9\$a585899
=099  \\$a394.268H295m
=100  \\$aHarper.
=245  10$aMerry Christmas to you
=260  \\$aNY$c1945
=966  \\$aprimo

