=LDR  01014agm  2200277u  4500
=001  995008330102311
=005  20150603215229.0
=007  mr-caaad\\\\\\\\\\\\\\\
=008  770304s1973\\\\xxu027\e\\\\\\\\\0mleng\c
=010  \\$a76703639 /F
=035  \\$a(TU)000500833UTK01
=035  9\$a527206
=035  \\$a(OCoLC)05606564
=040  \\$aMalibu Films$cDLC$dTKN
=049  \\$aTKNk
=050  \\$aHB871
=090  \\$aHB871$b.S63
=099  \\$aHB871.S63
=245  00$aSorry, no vacancy.$h[motion picture] /$cWilhite Productions ; made by Jim and Pat Wilhite.
=260  \\$aMalibu, Calif. :$bMalibu Films,$c1973.
=300  \\$a1 reel, 27 min. :$bsd.,col. ;$c16 mm.$e& guide.
=500  \\$aLonger version (53 min.) also issued.
=520  \\$aReviews the problem of population growth from the perspectives of food production, resource conservation, and the ecological consequences of continued population growth.
=650  \0$aPopulation.
=710  2\$aWilhite Productions.
=852  0\$822167230890002311$bST$cFILM$hHB871$i.S63

