=LDR  01328cgm  2200337I  4500
=001  993990980102311
=005  20150603210246.0
=008  820511s1975\\\\tnu021\g\\\\\\\\\\vueng\d
=035  \\$a(TU)000399098UTK01
=035  9\$a422241
=035  \\$a(OCoLC)08418433
=040  \\$aMNK$cMNK$dOCL
=043  \\$an-us---
=050  \\$aBR563.N4$bT85
=082  \\$a277.3
=245  00$aTwo Black churches$h[videorecording] /$cby William Ferris.
=260  \\$bMemphis, TN : Center for Southern Folklore,$cc1975.
=300  \\$a1 videodisc :$bdigital ;$c4 3/4 in.
=538  \\$aDVD.
=500  \\$aA production of Yale University Media Design Studio in cooperation with the Center for Southern Folklore. Produced in association with Howard Sayre Weaver.
=500  \\$aCopied from U-matic.
=508  \\$aSound and editor, Robert Slattery; photographer, Dale Lindquist.
=520  \\$aFocuses on religious expression in Rose Hill Baptist Church, Vicksburg, MS. and St. James United Free Will Baptist Church, New Haven, CT.
=530  \\$aAlso available in VHS.
=650  \0$aAfrican Americans$xReligion.
=650  \0$aReligion$zUnited States.
=740  0\$aBlack churches.
=700  1\$aFerris, William.
=852  0\$822250941550002311$bH$cDVD$h BR563 .N4$i T85
=852  0\$822250956380002311$bH$cVIDEO$h BR563 .N4$i T85
=994  \\$aE0$bTKN

