=LDR  00356arm  2200145u  4500
=001  995237160102311
=005  19970222000000.0
=008  \\\\\\s2000\\\\\\\\\\\\\\\\\\000\\\eng\d
=035  \\$a(TU)000523716UTK01
=035  9\$a550620
=099  \\$aFG72t
=100  \\$aGovan.
=245  10$aThese Plummer children
=260  \\$aBoston$c1934
=852  1\$822164265240002311$bH$cJUV$hFG72t

