=LDR  00374arm  2200145u  4500
=001  995093630102311
=005  19970221000000.0
=008  \\\\\\s2000\\\\\\\\\\\\\\\\\\000\\\eng\d
=035  \\$a(TU)000509363UTK01
=035  9\$a536003
=099  \\$aFB6578a
=130  0\$aBlume.
=245  10$aAre you there God Its me Margaret
=260  \\$aScarsdale$c1970
=852  1\$822158258120002311$bH$cJUV$hFB6578a

