=LDR  01165agm  2200301u  4500
=001  992629050102311
=005  20150603192423.0
=007  gsucnbfj\
=008  811109s1981\\\\nju033u\z\\\\\\\\1uneng\d
=035  \\$a(TU)000262905UTK01
=035  9\$a283067
=035  \\$a(OCoLC)07917544
=040  \\$aTKN$cTKN
=049  \\$atkn5$n33 slides and 1 cassette
=090  \\$aSF891$b.B586
=099  \\$aSF891.B586
=100  1\$aBlanchard, Gary L.
=245  10$aOphthalmoscopic interpretation of fundic lesions in animals$h[slide] /$cG.L. Blanchard.
=260  \\$aWashington Crossing, N.J. :$bContinuing Education Library, Pitman-Moore,$c1981.
=300  \\$a33 slides :$bcol. +$e1 sound cassette (1 7/8 ips).
=500  \\$aSlides mounted in 1 carousel.
=500  \\$a"A Pitman-Moore continuing educational program."
=500  \\$aProduced in cooperation with the American Animal Hospital Association.
=520  \\$aFundamentals of indirect ophthalmoscopic examination are presented with discussion of normal and pathological findings.
=650  \0$aVeterinary ophthalmology.
=710  2\$aAmerican Animal Hospital Association.
=710  2\$aPitman-Moore, Inc.
=966  \\$aprimo

