=LDR  00767agm  2200265u  4500
=001  994480060102311
=005  20150603212825.0
=007  vfocn\\\\
=008  820818q19681982nvu---u\\\\\\\\\\0vleng\d
=035  \\$a(TU)000448006UTK01
=035  9\$a472830
=035  \\$a(OCoLC)08699043
=040  \\$aAPB$cAPB$dTKN
=049  \\$aTKNk
=090  \\$aML420.P96$bE5
=099  \\$aML420.P96E5
=245  00$aElvis '68 comeback$h[videorecording]
=260  \\$aLas Vegas, Nev. :$bKing of Video,$c[1980?]
=300  \\$a1 cassette ;$bsd., col. ;$c1/2 in.
=500  \\$aVHS format.
=500  \\$aVideorecording of the performance given in 1968.
=511  0\$aElvis Presley.
=700  1\$aPresley, Elvis,$d1935-1977.
=852  0\$822177761910002311$bH$cVHS$hML420.P96$iE5
=966  \\$aprimo

