=LDR  00985agm  2200277u  4500
=001  995539850102311
=005  20150603222935.0
=007  mr-baaad\\\\\\\\\\\\\\\
=008  750711s1972\\\\xxu029\e\\\\\\\\\0mlengmc
=010  \\$a75702360 /F
=035  \\$a(TU)000553985UTK01
=035  9\$a581769
=035  \\$a(OCoLC)05598372
=040  \\$aCalif. Institute of Technology$cDLC$dm.c.$dTKN
=049  \\$aTKNk
=050  \\$aQB528
=090  \\$aQB528$b.S6
=099  \\$aQB528.S6
=245  04$aThe Solar atmosphere. [Motion picture]
=260  \\$bHarold Zirin.$fMade by Barry Nolan$fand Spencer Weart.$bReleased by California Institute of Technology,$c1972.
=300  \\$a29 min.$bsd.,b&w.$c16 mm.
=520  \\$aDiscusses various aspects of the solar atmosphere, including granulation, development of sunspots, spicules, flares and flare waves, surges, and prominences.
=650  \0$aSolar atmosphere.
=700  1\$aZirin, Harold.
=710  2\$aCalifornia Institute of Technology.
=966  \\$aprimo

