=LDR  00992agm  2200277u  4500
=001  995174630102311
=005  20150603215812.0
=007  vfrcnahr\
=008  820825s1982\\\\nyu057ue\\\\\\\\\0vleng\d
=035  \\$a(TU)000517463UTK01
=035  9\$a544294
=035  \\$a(OCoLC)08718843
=040  \\$aNRC$cNRC$dTKN
=049  \\$aTKNk
=090  \\$aQP86$b.A368
=099  \\$aQP86.A368
=245  00$aAging-- the methuselah syndrome$h[videorecording] /$cWGBH ; produced, written and directed by Sari Sapri.
=260  \\$a[New York, N.Y.] :$bTime Life Video,$cc1982.
=300  \\$a1 videocassette (57 min.) :$bsd., col. ;$c3/4 in.
=440  \0$aNova
=511  0\$aDon Wescott.
=520  \\$aA startling report on research which is making giant strides toward pinpointing the body controls that cause aging--and could some day transform the world by finding a real Fountain of Youth.
=650  \0$aAging.
=650  \0$aGerontology.
=710  2\$aWGBH (Television station : Boston, Mass.)
=966  \\$aprimo

