=LDR  00354arm  2200145u  4500
=001  995668760102311
=005  20000406165700.0
=008  900101s1929\\\\mau\\\\\\\\\\\\\\\\\engsd
=035  \\$a(TU)000566876UTK01
=035  9\$a595936
=099  \\$aFH391d
=100  \\$aHawes.
=245  14$aThe dark frigate
=260  \\$aBoston$c1929
=852  1\$822146168950002311$bST$cSTOR$hFH391d

