=LDR  00450arm  2200169u  4500
=001  995589030102311
=005  20001108080100.0
=008  900101s1969\\\\nyu\\\\\\\\\\\\\\\\\engsd
=035  \\$a(TU)000558903UTK01
=035  9\$a587065
=099  \\$aFA291w
=100  1\$aAiken, Joan,$d1924-
=245  14$aThe Whispering Mountain
=260  \\$aNY:$bDoubleday :$bDell$c1969
=300  \\$a236 p.$bills.$c20 cm.
=852  1\$822220528250002311$bST$cSTOR$hFA291w
=966  \\$aprimo

