=LDR  00949agm  2200265u  4500
=001  994771460102311
=005  20150603214328.0
=007  mr-caaad\\\\\\\\\\\\\\\
=008  730620s1973\\\\xxu028\e\\\\\\\\\0mleng\c
=010  \\$a73700599 /F/r75
=035  \\$a(TU)000477146UTK01
=035  9\$a502847
=035  \\$a(OCoLC)05548468
=040  \\$aCINE$cDLC$dm.c.$dTKN
=049  \\$aTKNk
=090  \\$aBJ37$b.M814
=099  \\$aBJ37.M814
=245  00$aMoral development.$h[motion picture]
=260  \\$bCRM Productions,$c1973.
=300  \\$a28 min.$bsd.,color.$c16 mm.
=490  1\$aThe Developmental psychology today film series
=520  \\$aExamines two of the major theories in the field of moral development by using Dr. Stanley Milgrim's famous obedience experiment to pose a serious moral dilemma. Features Dr. David Rosenhani.
=650  \0$aEthics.
=710  2\$aCRM Productions.
=830  \0$aDevelopmental psychology today film series.$h[Motion picture].

