=LDR  00387arm  2200157u  4500
=001  995578600102311
=005  20000404151100.0
=008  900101s1913\\\\nyu\\\\\\\\\\\\\\\\\engsd
=010  \\$a13-21356
=035  \\$a(TU)000557860UTK01
=035  9\$a585885
=099  \\$a394.268D553c
=100  \\$aDickinson.
=245  14$aThe childrens book of Christmas stories
=260  \\$aGarden City$c1913
=966  \\$aprimo

