=LDR  01316agm  2200385u  4500
=001  995174620102311
=005  20150603215812.0
=007  vfucnahr\
=008  811109s1980\\\\nyu057\e\\\\\\\\\0vleng\c
=010  \\$a81706766 /F
=020  \\$cFor sale ( 200.00 for 3/4 in.; 150.00 for 1/2 in.) or rent ( 75.00)
=035  \\$a(TU)000517462UTK01
=035  9\$a544291
=035  \\$a(OCoLC)07534555
=040  \\$aTime-Life Video$cDLC$dTKN
=049  \\$aTKNk
=090  \\$aHQ784.S45$bP5
=245  04$aThe Pinks and the blues$h[videorecording] /$cWGBH-TV ; director, Veronica L. Young.
=260  \\$aNew York :$bTime-Life Video,$c1980.
=300  \\$a1 videodisc :$bdigital ;$c4 3/4 in.
=490  1\$aNova
=538  \\$aDVD.
=500  \\$aTitle from data sheet.
=500  \\$aReproduction from U-matic.
=500  \\$aIntended audience: Adults.
=520  \\$aProbes the subtle ways in which parents and teachers condition babies and young children to accept traditional sex roles.
=530  \\$aAlso available in VHS.
=650  \0$aChild development.
=650  \0$aInfant psychology.
=650  \0$aSex role.
=650  \0$aSocialization.
=650  \0$aChildren and adults.
=710  2\$aWGBH (Television station : Boston, Mass.)
=830  \0$aColección NOVA
=852  0\$822250909800002311$bH$cDVD$h HQ784 .S45$i P5

