=LDR  00991agm  2200301u  4500
=001  992041750102311
=005  20150603175709.0
=007  gs\cfu\\\
=008  810416s1980\\\\enk050u\z\\\\\\\\1sneng\d
=020  \\$a0859640698
=020  \\$a0898870135
=035  \\$a(TU)000204175UTK01
=035  9\$a221472
=035  \\$a(OCoLC)07342838
=040  \\$aTKN$cTKN
=049  \\$atknk
=090  \\$aPN2596.C32$bF4
=100  1\$aCave, Richard.
=245  10$aTerence Gray and the Cambridge Festival Theatre$h[slide] /$cRichard Cave.
=260  \\$aCambridge [Eng.] :$bChadwyck-Healey ;$aTeaneck, N.J. : Somerset House,$c1980.
=300  \\$a50 slides :$bcol. +$e1 text.
=490  1\$aTheatre in focus
=500  \\$aTitle from text.
=500  \\$aPublished in association with the Consortium for Drama and Media in Higher Education.
=600  10$aGray, Terence.
=610  20$aFestival Theatre (Cambridge, Eng.)
=830  \0$aTheatre in focus$hslide.
=852  0\$822177134100002311$bST$cSLIDE$hPN2596.C32$iF4

