=LDR  01368agm  2200337u  4500
=001  992126620102311
=005  20150603180445.0
=007  ncnbfj
=008  810225s1980\\\\inu032uf00001\\\\0sneng\d
=035  \\$a(TU)000212662UTK01
=035  9\$a231019
=035  \\$a(OCoLC)07154404
=040  \\$aAAA$cAAA$dTKN
=049  \\$aTKN5
=090  \\$aSF851$b.I6
=099  \\$aSF851.I6
=100  1\$aBirchard, S. J.
=245  10$aIntestinal anastomosis :$bcurrent techniques$h[slide] /$cS.J. Birchard, R.M. Bright.
=260  \\$aLafayette, Ind. :$bPurdue University, School of Veterinary Medicine$e(Washington Crossing, N.J. :$fPitman-Moore,$g1980).
=300  \\$a32 slides :$bcol. +$e1 sound cassette.
=500  \\$aSlides mounted in 1 carousel.
=500  \\$a"A Pitman-Moore continuing educational program."
=500  \\$aProduced in cooperation with the American Animal Hospital Association.
=520  \\$aDiscusses diseases of the intestine requiring surgical manipulation due to obstruction by foreign bodies or more serious diseases such as intussusception, vovulus, or torsion.
=650  \0$aVeterinary surgery.
=650  \0$aVeterinary gastroenterology.
=700  1\$aBright, Ronald M.
=710  2\$aPurdue University.$bSchool of Veterinary Science and Medicine.
=710  2\$aAmerican Animal Hospital Association.
=710  2\$aPitman-Moore, Inc.
=966  \\$aprimo

