=LDR  00330arm  2200145u  4500
=001  995609330102311
=005  20000405092400.0
=008  900101s1968\\\\nyu\\\\\\\\\\\\\\\\\engsd
=035  \\$a(TU)000560933UTK01
=035  9\$a589379
=099  \\$a341.13E645f5
=100  \\$aEpstein.
=245  14$aThe United Nations
=260  \\$aNY$c1968
=966  \\$aprimo

