=LDR  01008cgm  2200253Ii 4500
=001  991212150102311
=005  20150603165623.0
=007  vf\ccahru
=008  801112s1980\\\\tnu026\\\\\\\\\\\\vleng\d
=035  \\$a(TU)000121215UTK01
=035  9\$a134221
=035  \\$a(OCoLC)06931240
=040  \\$aTKN$cTKN$dOCL$dOCLCQ
=090  \\$aSF911$b.K7
=100  1\$aKrahwinkel, D. J.
=245  10$aCannulation of vessels, ureters and pancreatic ducts :$bsurgical procedures useful for physiological and pharmacological experimentation$h[videorecording] /$cD.J. Krahwinkel ; technical advisers: Jack Oliver & Michael Sims.
=260  \\$aKnoxville :$bCollege of Veterinary Medicine, University of Tennessee,$c1980.
=300  \\$a1 videocassette, 26 min. :$bsd., col. ;$c3/4 in.
=538  \\$aU-matic.
=502  \\$aDemonstrates techniques of cannulating arteries, veins, and organs for experiments.
=650  \0$aVeterinary surgery.
=852  0\$822197322880002311$bSC$cARVIS$hSF911$i.K7
=966  \\$aprimo
=994  \\$aE0$bTKN

