=LDR  01503agm  2200361u  4500
=001  992136100102311
=005  20150603180526.0
=007  ncnbfj
=008  810302s1980\\\\nju040u\00001\\\\0sneng\d
=035  \\$a(TU)000213610UTK01
=035  9\$a232079
=035  \\$a(OCoLC)07182249
=040  \\$aTKN$cTKN
=049  \\$atkn5
=090  \\$aSF851$b.P7
=099  \\$aSF851.P7
=245  00$aProctoscopy and colonoscopy in small animal veterinary medicine$h[slide] /$cBrent D. Jones ; narrative by Patricia Laferty.
=260  \\$aWashington Crossing, N.J. :$bPitman-Moore, Inc.,$c1980.
=300  \\$a40 slides :$bcol. +$e1 sound cassette (2 track, mono.)
=500  \\$aSlides mounted in 1 carousel.
=500  \\$a"A Pitman-Moore Continuing Educational Program."
=500  \\$aProduced in cooperation with the American Animal Hospital Association.
=500  \\$aInstitution: Dept. of Veterinary Medicine and Surgery, University of Missouri.
=520  \\$aIncludes clinical indication for proctoscopy and/or colonoscopy, preparation of the patient, equipment needed, examination technique, examples of normal and abnormal colons, and biopsy and cytology techniques.
=650  \0$aVeterinary medicine.
=650  \0$aSigmoidoscopy.
=650  \0$aColonoscopy.
=700  1\$aJones, Brent D.
=700  1\$aLaferty, Patricia.
=710  2\$aUniversity of Missouri.$bDept. of Veterinary Medicine and Surgery.
=710  2\$aAmerican Animal Hospital Association.
=710  2\$aPitman-Moore, Inc.
=966  \\$aprimo

