=LDR  00301arm  2200133u  4500
=001  995630650102311
=005  19970222000000.0
=008  \\\\\\s2000\\\\\\\\\\\\\\\\\\000\\\eng\d
=035  \\$a(TU)000563065UTK01
=035  9\$a591646
=099  \\$a372.21C692d
=100  \\$aColeman.
=245  10$aDancing time
=260  \\$aNY$c1952

