=LDR  01643agm  2200361u  4500
=001  993048670102311
=005  20150603195602.0
=007  go\cuuuf\
=008  780919s1961\\\\ilu\\\ugz\\\\\\\\0fueng\d
=035  \\$a(TU)000304867UTK01
=035  9\$a326102
=035  \\$a(OCoLC)04236224
=040  \\$aOKO$cOKO$dm.c.$dTKN
=049  \\$aTKNk$n176 slides
=090  \\$aPN2585$b.S5
=245  00$aShakespeare's theater.$h[filmstrip]
=260  \\$aChicago :$bEncyclopaedia Britannica Films,$c1961.
=300  \\$a4 rolls. :$bcol.;$c35 mm. &$eteacher's manual.
=500  \\$aMounted as 176 slides in 4 carousels.
=500  \\$aTitle on teacher's manual: The world of Shakespeare's theater by C. Walter Hodges.
=505  0\$a1. Prologue to the Globe Theater.--2. The Playhouse comes to London.--3. The Globe Theater: its design and construction.--4. A day at the Globe Theater.
=508  \\$aProducer, Weldon Johnson; collaborator, Alwin Thaler; artist, C. Walter Hodges.
=520  \\$aCovers the history of the English theater from its beginning through the Elizabethan and Jacobean eras, the design and construction of the Globe Theater and the production of plays in it.
=650  \0$aTheater$zEngland$xHistory.
=700  1\$aHodges, C. Walter$q(Cyril Walter),$d1909-2004.
=700  1\$aThaler, Alwin,$d1891-
=710  2\$aEncyclopaedia Britannica Films, inc.
=740  0\$aWorld of Shakespeare's theater.
=740  0\$aPrologue to the Globe Theater.
=740  0\$aPlayhouse comes to London.
=740  0\$aGlobe Theater: its design and construction.
=740  0\$aDay at the Globe Theater.
=852  0\$822190997770002311$bST$cSLIDE$hPN2585$i.S5

