=LDR  01870ngm  2200433Ia 4500
=001  993306200102311
=005  20150603202007.0
=007  vf\cbaho|
=008  990907s1981\\\\tnu362\\\\\\\\\\\\vleng\d
=035  \\$a(TU)000330620UTK01
=035  9\$a352338
=035  \\$a(OCoLC)42303542
=040  \\$aTET$cTET$dTKN
=043  \\$an-us-tn
=049  \\$aTKNN
=090  \\$aPS266.T2$bT3
=245  00$aTalking leaves$h[videorecording] :$ba regional focus /$cdirector, Jack Yoakum ; Community Information Channel of Memphis, Shelby County Public Library and Information Center.
=260  \\$aMemphis :$bMemphis/Shelby County Public Library & Information Center,$c1981.
=300  \\$a8 videodiscs :$bdigital ;$c4 3/4 in.
=538  \\$aDVD.
=500  \\$aCopied from U-matic.
=520  \\$aA series of videotaped interviews of Tennessee regional writers which focus on the writer as a personality and unique artist working in a clearly defined locale.
=505  0\$aPt.1. George Scarbrough -- pt.2. Robert Drake -- pt.3. Christine Noble Govan -- pt.4. Jeff Daniel Marion -- pt.5. John Egerton -- pt.6. Will D. Campbell -- pt.7. Etheridge Knight -- pt.8. Analysis.
=530  \\$aAlso available in VHS.
=650  \0$aAuthors, American$y20th century$vInterviews.
=650  \0$aAuthors, American$zTennessee.
=600  10$aDrake, Robert,$d1930-
=600  10$aScarbrough, George,$d1915-
=600  10$aMarion, Jeff Daniel,$d1940-
=600  10$aGovan, Christine Noble,$d1898-
=600  10$aCampbell, Will D.
=600  10$aEgerton, John.
=600  10$aKnight, Etheridge.
=650  \0$aAuthors, American$y20th century$vInterviews.
=700  1\$aYoakum, Jack.
=710  2\$aCommunity Information Channel of Memphis.
=710  2\$aMemphis and Shelby County Public Library and Information Center.
=852  0\$822250881100002311$bH$cDVD$h PS266 .T2$i T3
=994  \\$aC0$bTKN

