=LDR  01374agm  2200325u  4500
=001  992097290102311
=005  20150603180216.0
=007  vf\ccahru
=008  810219s1980\\\\tnu085u\00000\\\\0vleng\d
=035  \\$a(TU)000209729UTK01
=035  9\$a227753
=035  \\$a(OCoLC)07139194
=040  \\$aTKN$cTKN
=049  \\$atknk
=090  \\$aE748.K314$bE8
=245  00$aEstes Kefauver and highlights of 1956 Democratic Convention.$h[videorecording]
=260  \\$a[Knoxville :$bTelevision Services, University of Tennessee,$c1980]
=300  \\$a2 videodiscs :$bdigital ;$c4 3/4 in.
=490  1\$a[Kefauver tapes ;$v1-2]
=538  \\$aDVD.
=500  \\$aCopied from three 16 mm CBS News films in the Estes Kefauver Collection housed in the Special Collections Department, University of Tennessee Library, Knoxville. Now U-Matic copied to DVD.
=505  0\$a[pt.1] Estes Kefauver TV interview. Speech nominating Kefauver for Vice-President. Roll call vote for Vice-President. -- [pt.2] Kefauver acceptance speech.
=530  \\$aAlso available in VHS.
=600  10$aKefauver, Estes,$d1903-1963.
=611  20$aDemocratic National Convention$d(1956 :$cChicago)
=700  1\$aKefauver, Estes,$d1903-1963.
=710  2\$aCBS News.
=830  \0$aKefauver tapes ;$v1-2.
=852  0\$822250971400002311$bH$cVIDEO$h E748.K314$i E8
=852  0\$822250950610002311$bH$cDVD$h E748 .K314$i E8

