=LDR  01056agm  2200301u  4500
=001  993962970102311
=005  20150603210100.0
=007  g--c---j\
=008  790417s1977\\\\wiu080uem\\\\\\\\0s\eng\d
=035  \\$a(TU)000396297UTK01
=035  9\$a419258
=035  \\$a(OCoLC)04864791
=040  \\$aWIS$cWIS$dTKN
=049  \\$aTKN5
=090  \\$aTE178$b.R63
=099  \\$aTE178.R63
=245  00$aRoadside turfgrass :$bestablishment, maintenance, and associated vegetation.$h[slide] /$csenior author, R.W. Duell ... [et al.]
=260  \\$aMadison, Wis. :$bCrop Science Society of Ameerica,$c1977.
=300  \\$a80 slides :$bcol. ;$c2x2 in.$e& script.
=490  0\$aTurfgrass slide monograph
=500  \\$aSlides in 1 carousel.
=500  \\$a"... developed by members of the Turfgrass Monograph Committee of Division C-5."
=650  \0$aRoadside improvement.
=650  \0$aTurf management.
=650  \0$aSoil conservation.
=700  1\$aDuell, Robert W$d1929-
=710  2\$aCrop Science Society of America.
=852  0\$822206561200002311$bST$cSTOR4$hTE178$i.R63

