=LDR  01310cgm  2200337u  4500
=001  996319470102311
=005  20150603224643.0
=007  vfrcnaho\
=008  830204r19801973nyu119ug\\\\\\\\\0vleng\d
=035  \\$a(TU)000631947UTK01
=035  9\$a664645
=035  \\$a(OCoLC)09190720
=040  \\$aVRU$cVRU$dTKN
=049  \\$aTKNk
=090  \\$aPN1997$b.S72
=099  \\$aPN1997.S72
=245  00$aState of siege$h[videorecording] /$ca film by Costa-Gavras ; written by Franco Solinas.
=260  \\$aNew York :$bColumbia Pictures Home Entertainment,$c1980.
=300  \\$a1 videocassette (VHS) (119 min.) :$bsd., col. ;$c1/2 in.
=500  \\$aDubbed into English.
=500  \\$aOriginally released as a motion picture in 1973 by Cinema 5.
=508  \\$aPhotography, Pierre-William Glenn; editor, Françoise Bonnot; music, Mikis Theodorakis; producer, Jacques Perrin.
=511  1\$aYves Montand, Renato Salvatori, O.E. Hasse, Jean-Luc Bideau.
=520  \\$aStory of the political kidnapping and murder of a U.S. official in Latin America.
=650  \0$aFeature films.
=700  1\$aCosta-Gavras,$d1933-
=700  1\$aMontand, Yves,$d1921-
=700  1\$aSolinas, Franco,$d1927-
=710  2\$aCinema 5.
=710  2\$aColumbia Pictures Home Entertainment.
=852  0\$822250947350002311$bH$cVIDE2$h PN1997$i .S72

