=LDR  00317arm  2200133u  4500
=001  995733060102311
=005  19970222000000.0
=008  \\\\\\s2000\\\\\\\\\\\\\\\\\\000\\\eng\d
=035  \\$a(TU)000573306UTK01
=035  9\$a603044
=099  \\$a822F997e
=100  \\$aFyleman.
=245  10$aEight little plays for children
=260  \\$aNY$c1945

