=LDR  01283ngm  2200325u  4500
=001  996274090102311
=005  20150603224540.0
=007  gsrcnbfj\
=008  840109s1982\\\\pau140u\m\\\\\\\\0sneng\d
=035  \\$a(TU)000627409UTK01
=035  9\$a660033
=035  \\$a(OCoLC)10281000
=040  \\$aEMU$cEMU$dTKN
=049  \\$aTKNk
=090  \\$aND1045$b.C49
=099  \\$aND1045.C49
=245  00$aChinese art after Mao$h[slide] :$ba slide presentation with accompanying commentary /$cprepared by Ralph C. Croizier and Joan Lebold Cohen.
=260  \\$aPittsburgh, Pa. :$bUniversity of Pittsburgh,$c1982.
=300  \\$a140 slides :$bcol. +e 1 sound cassette (45 min.) + 1 script.
=500  \\$a1 carousel.
=500  \\$aAn UCIS Media Series production; supported by the Pitt China Program of the University Center for International Studies. University of Pittsburgh.
=650  \0$aArt, Chinese.
=650  \0$aPainting, Chinese$yTwentieth century.
=651  \0$aChina$xHistory$y1976-
=700  1\$aCroizier, Ralph C.
=700  1\$aCohen, Joan Lebold.
=710  2\$aPitt China Program.
=710  2\$aUniversity of Pittsburgh.$bUniversity Center for International Studies.
=852  0\$822250931410002311$bH$cDVDOV$h ND1045$i .C49
=852  0\$822162336280002311$bST$cSLIDE$hND1045$i.C49

