=LDR  01318cgm  2200337u  4500
=001  996400840102311
=005  20150603224848.0
=007  vfrbnaho\
=008  840730q19801984xx\027ue\\\\\\\\\0vleng\d
=035  \\$a(TU)000640084UTK01
=035  9\$a672942
=035  \\$a(OCoLC)11000253
=040  \\$aMST$cMST$dTKN
=049  \\$aTKNk
=090  \\$aPN1997$b.R263
=099  \\$aPN1997.R263
=245  03$aAn Occurrence at Owl Creek Bridge$h[videorecording] /$cadapted and directed by Robert Enrico ; produced by Marcel Ichac and Paul de Roubaix.
=260  \\$a[S.l.] :$bHollywood Home Theatre,$c[198-?].
=300  \\$a1 videocassette (27 min.) :$bsd., b&w ;$c1/2 in.
=501  \\$aWith: The red balloon.
=500  \\$aVHS.
=500  \\$aOriginally released in France in 1962.
=500  \\$aBased on a story of the same title by Ambrose Bierce.
=511  1\$aRoger Jacquet, Ann Cornally, Anker Larsen.
=520  \\$aA dramatization of the last minute visions of escape by a man condemned to be hung by Union soldiers for attempting to destroy a bridge.
=650  \0$aShort films.
=651  \0$aUnited States$xHistory$yCivil War, 1861-1865$vFiction.
=700  1\$aBierce, Ambrose,$d1842-1914?$tOccurrence at Owl Creek Bridge.
=700  1\$aEnrico, Robert,$d1931-
=700  1\$aRoubaix, Paul de.
=700  1\$aIchac, Marcel.

