=LDR  01200agm  2200289u  4500
=001  995744250102311
=005  20150603223402.0
=007  mr-caaad\\\\\\\\\\\\\\\
=008  801103p19801979xxu014\c\\\\\\\\\0mleng\c
=010  \\$a80700712 /F
=035  \\$a(TU)000574425UTK01
=035  9\$a604248
=035  \\$a(OCoLC)07006668
=040  \\$aEBEC$cDLC$dm.c.$dTKN
=049  \\$aTKNk
=090  \\$aGB848$b.W3
=099  \\$aGB848.W3
=245  04$aThe Water cycle.$h[motion picture].
=260  \\$aChicago :$bEncyclopaedia Britannica Educational Corp.,$c1980, made 1979.
=300  \\$a1 reel, 14 min. :$bsd.,col. ;$c16 mm.$e& teacher's guide.
=500  \\$aTitle from data sheet.
=500  \\$aSecond ed. of the motion picture issued in 1947.
=500  \\$aConsultant, William H. Matthews.
=520  \\$aIllustrates the importance of the vast exchange of water between land, the atmosphere, and the sea. Examines in detail the processes of evaporation and condensation and the effects of the water cycle on climate and land. For elementary grades.
=650  \0$aHydrologic cycle$vJuvenile films.
=710  2\$aEncyclopaedia Britannica Educational Corporation.
=852  0\$822203372650002311$bST$cFILM$hGB848$i.W3

