=LDR  01422cgm  2200361Ia 4500
=001  996282500102311
=005  20150603224544.0
=007  vf\cbaho|
=008  941114s1980\\\\cau030\\\\\\\\\\\\vleng\d
=035  \\$a(TU)000628250UTK01
=035  9\$a660897
=035  \\$a(OCoLC)31452330
=040  \\$aMNJ$cMNJ$dOCL$dOCLCQ
=049  \\$aTKNN
=090  \\$aPN1997$b.B64
=245  00$aBlack girl$h[videorecording] /$cpresented by Poetry Playhouse ; executive producer, Barbara Wolfinger.
=260  \\$aBerkeley, Calif. :$bUniversity of California Extension Media Center,$c1980.
=300  \\$a1 videodisc :$bdigital ;$c4 3/4 in.
=538  \\$aDVD.
=500  \\$aReproduction from U-matic.
=500  \\$aAdaptation of the stage play Black girl, by J.E. Franklin.
=508  \\$aDirectors, Hal Weiner, Marilyn Weiner ; producers, Hal Weiner, Angel Paton ; screenplay, J.E. Franklin.
=511  1\$aMichelle Thompson, Jean M. Donatto, Maria Bryant, Marijo, Leonna Harris, D. Julianna Price-King.
=650  \0$aAfrican Americans$xFamilies$vFiction.
=700  1\$aFranklin, J. E.$q(Jennie Elizabeth),$d1937-$tBlack girl.
=700  1\$aWeiner, Hal.
=700  1\$aWeiner, Marilyn.
=700  1\$aWolfinger, Barbara.
=700  1\$aThompson, Michelle.
=700  1\$aDonatto, Jean M.
=710  2\$aUniversity of California (System).$bExtension Media Center.
=852  0\$822250949940002311$bH$cDVD$h PN1997$i .B64
=994  \\$aC0$bTKN

