=LDR  01312ngm  2200313u  4500
=001  996463370102311
=005  20150603225038.0
=007  vfrcnaho\
=008  850903s1984\\\\cau090ug\\\\\\\\\1vleng\d
=035  \\$a(TU)000646337UTK01
=035  9\$a679290
=035  \\$a(OCoLC)12485019
=040  \\$aILC$cILC$dTKN
=049  \\$aTKNk
=090  \\$aM1741.18.B58$bS4
=099  \\$aM1741.18.B58S4
=100  1\$aBowie, David.
=245  10$aSerious moonlight$h[videorecording] /$cDavid Bowie.
=260  \\$aLos Angeles, Calif. :$bMusic Media,$cc1984.
=300  \\$a1 videocassette (90 min.) :$bsd., col. ;$c1/2 in.
=500  \\$aVHS format.
=500  \\$a"M441."
=500  \\$aAt head of title: Music Media presents ...
=500  \\$a"Stereo., Dolby processed" -- spine of container.
=505  0\$aLook back in anger -- Heroes -- What in the world -- Golden years -- Fashion/Let's dance -- Breaking glass -- Life on Mars -- Sorrow -- Cat people -- China girl -- Scary monsters -- Rebel rebel -- White light, white heat -- Station to station -- Cracked actor -- Ashes to ashes -- Space oddity -- Young Americans -- Fame.
=650  \0$aRock music$zEngland.
=710  2\$aMusic Media.
=740  0\$aMusic Media presents David Bowie, serious moonlight$hvideorecording
=852  0\$822208731340002311$bH$cVHS$hM1741.18.B58$iS4

