=LDR  00362arm  2200145u  4500
=001  995699020102311
=005  19970222000000.0
=008  \\\\\\s2000\\\\\\\\\\\\\\\\\\000\\\eng\d
=035  \\$a(TU)000569902UTK01
=035  9\$a599368
=099  \\$aFK57just
=100  \\$aKipling.
=245  10$aJust so stories
=260  \\$aGarden City$c1907
=852  1\$822171307080002311$bH$cJUV$hFK57just

