=LDR  01319agm  2200349u  4500
=001  995745580102311
=005  20150603223406.0
=007  vfrmnaho\
=008  830601s1982\\\\nyu119uez\\\\\\\\0vleng\d
=035  \\$a(TU)000574558UTK01
=035  9\$a604401
=035  \\$a(OCoLC)09564936
=040  \\$aGZR$cGZR$dTKN
=049  \\$aTKNk
=090  \\$aML421.B4$bC6
=099  \\$aML421.B4C6
=245  04$aThe Compleat Beatles$h[videorecording] /$cDelilah Films production ; produced by Stephanie Bennett and Patrick Montgomery ; directed by Patrick Montgomery ; written by David Silver.
=260  \\$aNew York, N.Y. :$bMGM/UA Home Video,$cc1982.
=300  \\$a1 videocassette (VHS) (119 min.) :$bsd., col. with b&w sequences ;$c1/2 in.
=500  \\$aDolby stereo.
=500  \\$aProgram notes on container.
=500  \\$aMV700166.
=508  \\$aExecutive producers, Stephanie Bennett, Jeannie Sakol ; editor, Pamela Page.
=511  0\$aMalcolm McDowell.
=520  \\$aA "rockumentary" tracing the Beatles' career from their early days in the Cavern Club through eight years of performances, tours, films, and recording.
=610  20$aBeatles.
=650  \0$aFeature films.
=650  \0$aRock music.
=710  2\$aBeatles.
=710  2\$aDelilah Films.
=852  0\$822203330810002311$bH$cVHS$hML421.B4$iC6
=966  \\$aprimo

