=LDR  01439agm  2200373u  4500
=001  996101360102311
=005  20150603224201.0
=007  mrucaaad\\\\\\\\\\\\\\\
=008  830525s1982\\\\cau026\e\\\\\\\\\0mleng\c
=010  \\$a83700119 /F
=020  \\$cFor sale ( 495.00) or rent (apply)
=035  \\$a(TU)000610136UTK01
=035  9\$a641930
=035  \\$a(OCoLC)09785409
=040  \\$aALA Booklist$cDLC$dTKN
=043  \\$aa-ja---
=049  \\$aTKNk
=050  \\$aU263
=090  \\$aU263$b.I5
=099  \\$aU263.I5
=245  00$aIf you love this planet$h[motion picture] :$bDr. Helen Caldicott on nuclear war /$cNational Film Board of Canada ; producer, Edward Le Lorrain ; director, Terri Nash.
=260  \\$aLos Angeles, Calif. :$bDirect Cinema,$c1982.
=300  \\$a1 film reel (26 min.) :$bsd., col. ;$c16 mm.
=500  \\$aTitle from data sheet.
=500  \\$aIntended audience: Ages 16 through adult.
=520  \\$aScenes of nuclear critic Helen Caldicott presenting her views on nuclear war to a live audience are intercut with footage of Hiroshima and Nagasaki, nuclear bomb tests, and official documentaries.
=650  \0$aNuclear warfare.
=650  \0$aNuclear weapons$xTesting.
=651  \0$aHiroshima-shi (Japan)$xBombardment, 1945.
=651  \0$aNagasaki-shi (Japan)$xBomdardment, 1945.
=700  1\$aCaldicott, Helen.
=710  2\$aNational Film Board of Canada.
=710  2\$aDirect Cinema Ltd.
=966  \\$aprimo

