=LDR  00982agm  2200277u  4500
=001  995720110102311
=005  20150603223339.0
=007  vfrcnahr\
=008  830912s1981\\\\vau028ue\\\\\\\\\0vleng\d
=035  \\$a(TU)000572011UTK01
=035  9\$a601634
=035  \\$a(OCoLC)09901235
=040  \\$aDGW$cDGW$dTKN
=049  \\$aTKNk
=090  \\$aDA426$b.W3
=099  \\$aDA426.W3
=245  10$aWas Cromwell a revolutionary?$h[videorecording] /$cby Christopher Hill ; [produced by] Sussex Video.
=260  \\$aReston, Va. :$bTranstrade,$cc1981.
=300  \\$a1 videocassette (28 min.) :$bsd., col. ;$c3/4 in.
=490  0\$aHistory series
=520  \\$aProfessor Hill presents a biography of Oliver Cromwell, focusing on his role as a leader in the English Revolution of the 1640s and 1650s.
=600  10$aCromwell, Oliver,$d1599-1658.
=651  \0$aGreat Britain$xHistory$yPuritan Revolution, 1642-1660.
=700  1\$aHill, Christopher,$d1912-
=710  2\$aSussex Video.
=966  \\$aprimo

