=LDR  01502agm  2200349u  4500
=001  996365200102311
=005  20150603224742.0
=007  vf-bnaho\
=008  840714s1983\\\\nyu058u\\\\\\\\\\0vleng\d
=035  \\$a(TU)000636520UTK01
=035  9\$a669284
=035  \\$a(OCoLC)10950547
=040  \\$aUAP$cUAP$dTKN
=049  \\$aTKNk
=090  \\$aM1741.18$b.R4
=099  \\$aM1741.18.R4
=245  00$aReady, steady, go!$nVolume one$h[videorecording] /$cDave Clark (London) Limited.
=260  \\$aNew York, NY :$bThorn EMI Video,$cc1983.
=300  \\$a1 videocassette (58 min.) :$bsd., b&w ;$c1/2 in.
=500  \\$aVHS format.
=500  \\$a"TVF 2195"
=500  \\$aVideocassette release of original performances from the classic British T.V. show in the 1960's.
=508  \\$aDirected by Robert Fleming, Rollo Gamble, Daphne Shadwell, Michael Lindsay-Hogg.
=511  0\$aManfred Mann, The Beatles, Dusty Springfield, The Animals, Cilla Black, Billy Fury, Them, Lulu, Georgie Fame & the Blue Flames, The Searchers, Gerry & the Pacemakers, The Dave Clark Five, Peter Cook & Dudley Moore, The Rolling Stones, The Who.
=520  \\$a18 rock performances by various performers as seen on the pop British TV show Ready, Steady, Go! from the 1960's.
=650  \0$aRock music$zEngland.
=710  2\$aThorn EMI Video (Firm)
=710  2\$aDave Clark (London) Limited.
=710  2\$aBeatles.
=710  2\$aRolling Stones.
=710  2\$aWho (Musical group)
=852  0\$822166307120002311$bH$cVHS$hM1741.18$i.R4

