=LDR  01125ngm  2200289u  4500
=001  996285060102311
=005  20150603224551.0
=007  vf-beahp\
=008  770512s1970\\\\nyu007u\\\\\\\\\\0vueng\d
=035  \\$a(TU)000628506UTK01
=035  9\$a661158
=035  \\$a(OCoLC)02957284
=040  \\$aIUL$cIUL$dm.c.$dTKN
=043  \\$an-us---
=045  \\$ax6x6
=049  \\$aTKNN
=090  \\$aE851$b.P6
=099  \\$aJ82.E21 Jan.20
=245  00$aRichard M. Nixon$h[videorecording]
=260  \\$aNew York :$bChelsea House Educational Communications,$cc1970.
=300  \\$a1 cassette, 7 min. :$bsd.,b&w ;$c1 in.
=490  0\$aThe History machine
=508  \\$aEditorial director, Arthur M. Schlesinger, Jr.; editor, Fred Israel.
=520  \\$aPresident Nixon calls for peace and hope in his Inaugural address, saying "The greatest honor history can bestow is the title of peacemaker. This honor now beckons America: the chance to lead the world at last out of the valley of turmoil."
=600  10$aNixon, Richard M.$q(Richard Milhous),$d1913-$xInauguration.
=710  2\$aChelsea House Educational Communications.
=966  \\$aprimo

