=LDR  01811ngm  22004091  4500
=001  996326510102311
=005  20150603224647.0
=007  mrucaaad\\\\\\\\\\\\\\\
=008  820712s1982\\\\ctu028\e\\\\\\\\\0mleng\c
=010  \\$a82700383 /F
=020  \\$cFor sale ( 350.00) or rent ( 40.00)
=035  \\$a(TU)000632651UTK01
=035  9\$a665361
=035  \\$a(OCoLC)09042235
=040  \\$aHartley Film Foundation$cDLC$dTKN
=043  \\$an-us-az
=049  \\$aTKNk
=090  \\$aHM108$b.H6
=099  \\$aHM108.H6
=245  00$aHow to change the world, inspired by the thought of Teilhard de Chardin$h[motion picture] /$cHartley Film Foundation, Inc. ; producer, director, and writer, Elda Hartley.
=260  \\$aCos Cob, CT :$bThe Foundation,$c1982.
=300  \\$a1 film reel (28 min.) :$bsd., col. ;$c16 mm.
=500  \\$aTitle from data sheet.
=500  \\$aIntended audience: Senior high school through college and adult.
=500  \\$aIssued also as videorecording.
=508  \\$aCamera, Elda Hartley, Tom Kieffer, David Smith ; editor, Elda Hartley ; music, James Porter.
=520  \\$aDepicts a recent celebration entitled Teilhard and Metamorphosis, held in Arcosanti, Ariz., a city of the future constructed under the auspices of architect Paolo Soleri. Scenes from the celebration, interviews with participants, and narration convey ideas about the future and evolution. Designed to inspire discussion on how one can bring about change in the world of today.
=600  10$aTeilhard de Chardin, Pierre.
=600  10$aSoleri, Paolo,$d1919-
=650  \0$aSocial change.
=650  \0$aProgress.
=650  \0$aEvolution.
=651  \0$aArcosanti (Ariz.)
=700  1\$aHartley, Elda.
=710  2\$aHartley Film Foundation.
=852  0\$822214126960002311$bST$cFILM$hHM108$i.H6
=966  \\$aprimo

