=LDR  01546cgm  2200373u  4500
=001  996413590102311
=005  20150603224940.0
=007  vfrcnaho\
=008  850104s1984\\\\cau030u\\\\\\\\\\0vleng\d
=035  \\$a(TU)000641359UTK01
=035  9\$a674237
=035  \\$a(OCoLC)11547207
=040  \\$aFPL$cFPL$dTKN
=049  \\$aTKNk
=090  \\$aM1630.18.D355$bD3
=099  \\$aM1630.18.D355D3
=245  04$aThe Daryl Hall & John Oates video collection$h[videorecording] :$b7 big ones /$cRCA Video Productions, Inc.
=260  \\$aBurbank, CA :$bRCA/Columbia Pictures Home Video,$cc1984.
=300  \\$a1 videocassette (30 min.) :$bsd., col., stereo. ;$c1/2 in.
=500  \\$aVHS format.
=500  \\$a"VHS 60386"
=500  \\$aVideocassette release of the 1984 concert produced by RCA Video Productions, Inc.
=505  0\$aManeater -- Private eyes -- I can't go for that (no can do) -- Say it isn't so -- Family man -- Adult education -- One on one.
=508  \\$aProducers, Jay Dubin, Neo-Plastics, BLTV, Beth Broday ; directors, Mick Haggerty, C.D. Taylor, Jay Dubin, Tim Pope.
=511  0\$aDaryl Hall, John Oates.
=520  \\$aHall & Oates present a music video collection of their greatest hits from their many multi-platinum albums.
=650  \0$aRock music$zUnited States.
=650  \0$aConcerts.
=710  2\$aHall and Oates.
=710  2\$aRCA Video Productions, Inc.
=710  2\$aRCA/Columbia Pictures Home Video.
=740  0\$a7 big ones.
=740  0\$aSeven big ones.
=852  0\$822168975300002311$bH$cVHS$hM1630.18.D355$iD3

