=LDR  01287agm  2200313u  4500
=001  996101380102311
=005  20150603224202.0
=007  mrucaaad\\\\\\\\\\\\\\\
=008  840127s1982\\\\xxu026\e\\\\\\\\\0mleng\c
=010  \\$a83700116 /F
=035  \\$a(TU)000610138UTK01
=035  9\$a641932
=035  \\$a(OCoLC)10222152
=040  \\$aCRM/McGraw-Hill$cDLC$dTKN
=049  \\$aTKNk
=050  \\$aHD6973
=090  \\$aHD6973$b.W5
=099  \\$aHD6973.W5
=245  00$aWho wants unions?$h[motion picture] /$cNational Film Board of Canada.
=260  \\$aDel Mar, CA :$bCRM/McGraw-Hill Films,$c1982.
=300  \\$a1 film reel (26 min.) :$bsd., col. ;$c16 mm. +$e1 leader's guide.
=500  \\$aTitle from data sheet.
=500  \\$aIntended audience: Senior high school through adult.
=520  \\$aA documentary which explores violent union-busting, both past and recent. Looks at current management techniques to ward off unions by using psychologists, management consultants, and interactive workshops. Documenting the viewpoints of both labor and management, raises the question: Who wants unions?
=650  \0$aRestrictive practices in industrial relations.
=650  \0$aLabor unions.
=710  2\$aNational Film Board of Canada.
=710  2\$aCRM/McGraw-Hill Films.
=966  \\$aprimo

