=LDR  00353arm  2200145u  4500
=001  995675290102311
=005  19970222000000.0
=008  \\\\\\s2000\\\\\\\\\\\\\\\\\\000\\\eng\d
=035  \\$a(TU)000567529UTK01
=035  9\$a596617
=099  \\$aFH425p
=100  \\$aHays.
=245  10$aPilgrim Thanksgiving
=260  \\$aNY$c1955
=852  1\$822163274710002311$bST$cSTOR$hFH425p

