=LDR  01221agm  2200325u  4500
=001  995822750102311
=005  20150603223547.0
=007  mrucaaad\\\\\\\\\\\\\\\
=008  830728s1983\\\\nyu020\e\\\\\\\\\0mleng\c
=010  \\$a83700163 /F
=020  \\$cFor sale ( 400.00) or rent ( 40.00)
=035  \\$a(TU)000582275UTK01
=035  9\$a612613
=035  \\$a(OCoLC)09943799
=040  \\$aALA Booklist$cDLC$dTKN
=049  \\$aTKNk
=090  \\$aHQ777.5$b.H6
=099  \\$aHQ777.5.H6
=245  00$aHome, sweet homes$h[motion picture] :$bkids talk about joint custody /$cJosephine Hayes Dean.
=260  \\$aNew York :$bFilmakers Library,$c1983.
=300  \\$a1 film reel (20 min.) :$bsd., col. ;$c16 mm.
=500  \\$aTitle from data sheet.
=500  \\$aIssued also as videorecording.
=520  \\$aFive girls and boys, ages eight to twelve, talk about the advantages and complications of living in two separate homes, part of the time with one divorced parent and part of the time with the other.
=650  \0$aChildren of divorced parents.
=650  \0$aChildren of divorced parents$xFamily relationships.
=650  \0$aHome.
=700  1\$aDean, Josephine Hayes.
=710  2\$aFilmakers Library, inc.
=966  \\$aprimo

