=LDR  01207ngm  22003131  4500
=001  996285120102311
=005  20150603224552.0
=007  mr-caaad\\\\\\\\\\\\\\\
=008  790815s1973\\\\xxu055\e\\\\\\\\\0mleng\c
=010  \\$a79700908 /F
=035  \\$a(TU)000628512UTK01
=035  9\$a661164
=035  \\$a(OCoLC)04310167
=040  \\$aMankata State Univ. Memorial Library$cDLC$dm.c.$dTKN
=043  \\$an-us-wv
=049  \\$aTKNN
=050  \\$aF245
=099  \\$aJK1976.I4
=245  00$aIf elected ...$h[motion picture]
=260  \\$aWashington :$bWayne Ewing Films,$cc1973.
=300  \\$a1 reel, 55 min. :$bsd.,col. ;$c16 mm.
=500  \\$aTitle from data sheet.
=500  \\$aTape copy.
=520  \\$aShows the campaign of Democrat Warren McGraw for the West Virginia State Legislature in 1972. Follows McGraw as he meets with miners, gives speeches in high school gyms, and tries to get supporters to send form letters to local newspapers. Shows his frustrations as he campaigns against a well-financed incumbent.
=600  10$aMcGraw, Warren.
=650  \0$aPoliticians$zWest Virginia$vBiography.
=651  \0$aWest Virginia$xPolitics and government.
=710  2\$aWayne Ewing Films.
=966  \\$aprimo

