=LDR  01107ngm  2200301u  4500
=001  996237400102311
=005  20150603224438.0
=007  vf-cnahr\
=008  830609s1972\\\\xxc025u\\\\\\\\\\0vleng\d
=035  \\$a(TU)000623740UTK01
=035  9\$a656067
=035  \\$a(OCoLC)09594417
=040  \\$aMUS$cMUS$dTKN
=043  \\$ae-uk-en
=049  \\$aTKNN
=090  \\$aDA155$b.S87
=099  \\$aGT3380.S8
=245  04$aThe Sutton Hoo ship burial$h[videorecording] /$cCentre for Medieval Studies, University of Toronto.
=260  \\$aToronto :$bUniversity of Toronto Press,$c1972.
=300  \\$a1 videocassette (25 min.) :$bsd., col. and b&w ;$c3/4 in.
=440  \0$aMedieval series.
=520  \\$aTells of the discovery and excavation of the ship on Sutton Hoo in Suffolk, England. This ship is believed to be a memorial to an Anglo-Saxon king who died around 650 A.D.
=650  \0$aAnglo-Saxons.
=651  \0$aSutton Hoo Ship Burial (England)
=651  \0$aSuffolk (England)$xAntiquities.
=651  \0$aEngland$xAntiquities.
=710  2\$aUniversity of Toronto.$bCentre for Medieval Studies.
=966  \\$aprimo

