=LDR  01093agm  2200301u  4500
=001  996367420102311
=005  20150603224800.0
=007  mr\caaad\\\\\\\\\\\\\\\
=008  740415s1973\\\\xxu025\e\\\\\\\\\0mlengmc
=010  \\$a72702938 /F
=035  \\$a(TU)000636742UTK01
=035  9\$a669511
=035  \\$a(OCoLC)05554504
=040  \\$aNational Geographic Society$cDLC$dm.c.$dTKN
=049  \\$aTKNk
=090  \\$aQE521.2$b.E3
=245  00$aEarth: the restless planet.$h[motion picture]
=260  \\$bNational Geographic Society,$c1973.
=300  \\$a25 min.$bsd.,color.$c16 mm.
=500  \\$aAlso issued as videocassette.
=500  \\$aEdited from the motion picture entitled The violent earth.
=500  \\$aWith teacher's guide and collateral materials.
=520  \\$aExamines the characteristics of three different volcanoes--Hawaii's Kilauea, Mt. Etna in Sicily, and Nyiragongo in Zaire.
=651  \0$aKilauea Volcano (Hawaii)
=651  \0$aEtna, Mount (Italy)
=651  \0$aNyiragongo (Congo)
=710  2\$aNational Geographic Society (U.S.)
=730  0\$aViolent earth.$h[Motion picture].

