=LDR  01176ngm  2200313u  4500
=001  996410700102311
=005  20150603224859.0
=007  gs\cnbfj\
=008  850829s1984\\\\nyu074u\\\\\\\\\\0sneng\d
=035  \\$a(TU)000641070UTK01
=035  9\$a673946
=035  \\$a(OCoLC)12438868
=040  \\$aTKN$cTKN
=049  \\$aTKnk
=090  \\$aQE576$b.A76
=100  1\$aArthur, Michael A.
=245  00$aNotions of stinking oceans?$h[slide] :$bmodels for organic carbon burial during cretaceous "anoxic events" /$cMichael A. Arthur.
=260  \\$aNew York :$bScience-Thru-Media, Inc.,$cc1984.
=300  \\$a74 slides :$bcol. +$e2 sound cassettes (70 min.)
=500  \\$aSlides mounted in 1 carousel.
=500  \\$a"Sponsored by the American Association of Petroleum Geologists."
=500  \\$a"A 1984 distinguished lecture."
=520  \\$aOrganic carbon in sediments occurs in areas where it accumulates faster than it is decomposed chemically.
=650  \0$aSediments (Geology)
=650  \0$aOceanography.
=650  \0$aShale.
=710  2\$aAmerican Association of Petroleum Geologists.
=710  2\$aScience-Thru-Media, Inc.
=852  0\$822168958250002311$bST$cSLIDE$hQE576$i.A76

