=LDR  01307cgm  2200337Ii 4500
=001  995969320102311
=005  20070808154338.0
=007  vf\bnahr|
=008  840410r19771977tnu033\\\\\\\\\\\\vleng\d
=035  \\$a(TU)000596932UTK01
=035  9\$a628125
=040  \\$aTKN$cTKN$dOCL
=043  \\$an-us-nc
=049  \\$aTKNN
=090  \\$aM1629$b.E74
=245  00$aErnest East$h[videorecording] /$cMargaret McClellan.
=260  \\$aJohnson City, Tenn. :$bBroadside Press,$c1977.
=300  \\$a1 videodisc :$bdigital ;$c4 3/4 in.
=440  \0$aSouthern Appalachian video ethnography series
=538  \\$aDVD.
=500  \\$aReproduced from U-matic.
=520  \\$aA string band that has taken many prizes in recent years is headed by Ernest East of Pine Ridge, Surry County, N.C. He learned much of his repertoire in the late 1920's and early thirties from older musicians.
=511  \\$aOn this tape Ernest East is accompanied by Scotty East and Mac Snow, guitar; Blanton Owen, banjo.
=530  \\$aAlso available in VHS.
=650  \0$aFolk dance music$zUnited States$zNorth Carolina.
=700  1\$aEast, Ernest.
=700  1\$aMcClellan, Margaret.
=710  2\$aBroadside Press.
=852  0\$822145792070002311$bMUS$cDVD$hM1629$i.E74
=852  0\$822145792090002311$bH$cVHS$hM1629$i.E74
=994  \\$aC0$bTKN

