=LDR  00372arm  2200145u  4500
=001  995874040102311
=005  19970222000000.0
=008  \\\\\\s2000\\\\\\\\\\\\\\\\\\000\\\eng\d
=035  \\$a(TU)000587404UTK01
=035  9\$a618124
=099  \\$aES286f
=100  \\$aScarry.
=245  10$aRichard Scarrys funniest storybook ever
=260  \\$aNY$c1972
=852  1\$822200783550002311$bH$cJUV$hFS286f

