=LDR  02241agm  2200337u  4500
=001  996368360102311
=005  20150603224757.0
=007  vfrmnaho\
=008  840920s1984\\\\xx\060u\\\\\\\\\\0vleng\d
=035  \\$a(TU)000636836UTK01
=035  9\$a669609
=035  \\$a(OCoLC)11176680
=040  \\$aFPL$cFPL$dTKN
=049  \\$aTKNk
=090  \\$aM1630.18$b.M444
=099  \\$aM1630.18.M444
=245  00$aMellow memories$h[videorecording] /$cTelevision Syndications, Inc.
=260  \\$a[s.l.] :$bU.S.A. Home Video,$cc1984.
=300  \\$a1 videocassette (60 min.) :$bsd., col. and b&w. ;$c1/2 in.
=500  \\$aVHS format.
=500  \\$a"212-342"
=500  \\$aVideocassette release of the 1984 program by Television Syndications, Inc.
=505  0\$aCherry Cherry / Neil Diamond -- Leavin' on a jet plane / John Denver -- I don't know how to love him / Helen Reddy -- Never my love / The Association -- Cry like a baby / Bobby Sherman -- Amos Moses / Jerry Reed -- Mony Mony / Tommy James and the Shondells -- I hear a symphony / Diana Ross and the Supremes -- Mr. Bojangles / Nitty Gritty Dirt Band -- Daddy don't you walk so fast / Wayne Newton -- Country roads / John Denver -- Diamonds are forever / Shirley Bassey -- Cherry Hill Park / Billy Joe Royal -- One bad apple / The Osmonds -- Gypsy woman / Brian Hyland -- Nobody but you / Loggins and Messina -- Feelin' groovy / Harpers Bizarre -- I think I love you / David Cassidy -- Alfie / Dionne Warwick -- Beautiful story / Sonny and Cher -- An American trilogy / Mickey Newbury.
=511  0\$aNeil Diamond, John Denver, Helen Reddy, The Association, Bobby Sherman, Jerry Reed, Tommy James and the Shondells, Diana Ross and the Supremes, Nitty Gritty Dirt Band, Wayne Newton, John Denver, Shirley Bassey, Billy Joe Royal, The Osmonds, Brian Hyland, Loggins and Messina, Harpers Bizarre, David Cassidy, Dionne Warwick, Sonny and Cher, Mickey Newbury.
=520  \\$aGet in the mellow groove with these far-out performances by the coolest cats from the 60s and 70s.
=650  \0$aCountry music.
=650  \0$aRock music$zUnited States.
=710  2\$aTelevision Syndications, Inc.
=710  2\$aU.S.A. Home Video.
=852  0\$822166363910002311$bH$cVHS$hM1630.18$i.M444
=966  \\$aprimo

