=LDR  01374agm  2200349u  4500
=001  995814250102311
=005  20150603223548.0
=007  vf\cnaho\
=008  841008r19801968cau138u\\\\\\\\\\0vleng\d
=035  \\$a(TU)000581425UTK01
=035  9\$a611677
=035  \\$a(OCoLC)11238172
=040  \\$aOWR$cOWR$dTKN
=049  \\$aTKNk
=090  \\$aPN1997$b.R64
=099  \\$aPN1997.R64
=245  00$aRomeo and Juliet$h[videorecording] /$cParamount Pictures Corp.
=260  \\$a[Hollywood, Calif.] :$bParamount Home Video,$c1980, c1968.
=300  \\$a1 videocassette (138 min.) :$bsd., col. ;$c1/2 in.
=500  \\$aVideocassette release of the 1968 motion picture by Paramount Pictures Corporation.
=500  \\$aBased on the play, Romeo and Juliet, by William Shakespeare.
=500  \\$aVHS format.
=500  \\$a"VHS 6809."
=508  \\$aProducers, Anthony Havelock-Allan, John Brabourne; director, Franco Zeffirelli; screenplay, Franco Brusati, Masolino D'Amico; music, Nino Rota.
=511  1\$aOlivia Hussey, Leonard Whiting, Milo O'Shea, Michael York, Pat Heywood.
=700  1\$aShakespeare, William,$d1564-1616.$tRomeo and Juliet.
=700  1\$aZeffirelli, Franco.
=700  1\$aWhiting, Leonard.
=700  1\$aHussey, Olivia.
=710  2\$aParamount Pictures Corporation.
=710  2\$aParamount Home Video.
=852  0\$822250957800002311$bH$cVIDEO$h PN1997$i .R64

