=LDR  01394agm  2200289u  4500
=001  996002010102311
=005  20150603223944.0
=007  mr-caaad\\\\\\\\\\\\\\\
=008  770913s1970\\\\dcu029u\\\\\\f\\\0mlengm\
=010  \\$a77711245
=035  \\$a(TU)000600201UTK01
=035  9\$a631525
=035  \\$a(OCoLC)03260517
=040  \\$aDLC$cAZN$dMNM$dOCL$dm.c.$dTKN
=043  \\$as
=049  \\$aTKNk
=090  \\$aF2520.1.Y3$bF4
=099  \\$aF2520.1.Y3F4
=245  04$aThe feast.$h[motion picture] /$cU.S. Atomic Energy Commission; in collaboration with the Venezuelan Institute of Scientific Investigation ; [made by] Center for Documentary Anthropology, Brandeis University, and Dept. of Human Genetics, University of Michigan.
=260  \\$aWashington :$bReleased by National Audiovisual Center,$c1970.
=300  \\$a1 reel, 29 min. :$bsd.,col. ;$c16 mm.
=508  \\$aProducers, Timothy Asch, Napoleon Chagnon.
=520  \\$aExamines the first stages of alliance formation between two mutually hostile Yanomanö Indian villages in southern Venezuela and northern Brazil. Describes in detail the preparations for a feast involving the inhabitants of the villages and presents scenes of chanting, dancing, and trading at the feast.
=650  \0$aYanomamo Indians$xSocial life and customs.
=710  2\$aU.S. Atomic Energy Commission.
=710  2\$aNational Audiovisual Center.
=966  \\$aprimo

