=LDR  01102agm  2200277u  4500
=001  996158460102311
=005  20150603224331.0
=007  vfrcnahr\
=008  830131p19791982nju060ue\\\\\\\\\0vleng\d
=035  \\$a(TU)000615846UTK01
=035  9\$a647913
=035  \\$a(OCoLC)09175224
=040  \\$aCCH$cCCH$dTKN
=049  \\$aTKNk
=090  \\$aPR3072$b.S64
=245  00$aSpeaking Shakespearean verse$h[videorecording].
=260  \\$aPrinceton, N.J. :$bFilms for the Humanities,$c1979, [1982?].?
=300  \\$a1 videocassette (ca. 60 min.) :$bsd, col. ;$c3/4 in.
=500  \\$aMade by London Weekend Television in 1979 for the television program The South Bank Show.
=500  \\$aTitle from container.
=508  \\$aWritten and presented by Trevor Nunn.
=520  \\$aMembers of the Royal Shakespeare Company present a workshop before a television studio audience in which they interpret the rhythms and pronunication of Shakespeare's English.
=600  10$aShakespeare, William,$d1564-1616$xLanguage.
=710  2\$aRoyal Shakespeare Company.
=710  2\$aFilms for the Humanities (Firm)
=966  \\$aprimo

