=LDR  01325ngm  2200289u  4500
=001  996276210102311
=005  20150603224534.0
=007  \\\c\bdf\\\\\
=008  810820s1977\\\\nyu318u\\\\\\\\\\0uneng\d
=035  \\$a(TU)000627621UTK01
=035  9\$a660255
=035  \\$a(OCoLC)07684428
=040  \\$aCOV$cCOV$dTKN
=049  \\$aTKNN
=090  \\$aJF51$b.H6
=245  00$aHow nations are governed$h[filmstrip] :$btheory and practice.
=260  \\$aNew York :$bNewsweek, Inc.,$cc1977.
=300  \\$a4 filmstrips (318 fr.) :$bcol. ;$c35 mm. +$e4 sound discs + 1 teacher's guide + supplement.
=500  \\$aTape copy.
=500  \\$aSupplement contains textual material, 12 visuals for transparencies, and 36 duplicating masters of narrative readings.
=505  0\$a1. Capitalism and Marxism: competing visions. 83 fr.--2. Fascism: the disgraced alternative. 75 fr.--3. Different roads to Socialism. 83 fr.--4. Converging ideologies. 77 fr.
=520  \\$aThis program provides a solid introduction to the practice of different political systems by outlining the historical forces and theories that produced them.
=650  \0$aPolitical science$xHistory.
=650  \0$aComparative government.
=710  2\$aNewsweek, inc.
=852  0\$822250931560002311$bH$cDVDOV$h JF51$i .H6
=852  0\$822162332530002311$bMEDIA$cSLIDE$hJF51$i.H6

