=LDR  02244agm  2200325u  4500
=001  996368350102311
=005  20150603224757.0
=007  vfrmnaho\
=008  840920s1984\\\\xx\060u\\\\\\\\\\0vleng\d
=035  \\$a(TU)000636835UTK01
=035  9\$a669607
=035  \\$a(OCoLC)11178312
=040  \\$aFPL$cFPL$dTKN
=049  \\$aTKNk
=090  \\$aM1630.18$b.S647
=099  \\$aM1630.18.S647
=245  04$aThe Soul experience$h[videorecording] /$cTelevision Syndications, Inc.
=260  \\$a[s.l.] :$bU.S.A. Home Video,$cc1984.
=300  \\$a1 videocassette (60 min.) :$bsd., col. and b&w. ;$c1/2 in.
=500  \\$aVHS format.
=500  \\$a"212-343"
=500  \\$aVideocassette release of the 1984 program by Television Syndications, Inc.
=505  0\$aLove me or let me be lonely / The Friends of Distinction -- Are you ready / Pacific Gas and Electric -- 25 miles / Edwin Starr -- Want adds / Honey Cone -- Ain't no sunshine / Bill Withers -- My sweet lord / Billy Preston -- I gotcha / Joe Tex -- Mr. big stuff / Jean Knight -- Tears of a clown / Smokey Robinson and the Miracles -- Natural man / Lou Rawls -- Respect yourself/I'll take you there / The Staple Singers -- Shake me wake me / The Four Tops --Let's stay together / Al Green -- Troglodyte / The Jimmy Castor Bunch -- Push and pull / Rufus Thomas -- Jesus is just alright / Ronnie Dyson -- If there's hell down below / Curtis Mayfield -- Valley of the dolls / Dionne Warwick -- Outa space / Billy Preston -- Wade in the water / Pacific Gas and Electric -- I can see clearly now / Johnny Nash -- We the people / The Staple Singers.
=511  0\$aThe Friends of Distinction, Pacific Gas and Electric, Edwin Starr, Honey Cone, Bill Withers, Billy Preston, Joe Tex, Jean Knight, Smokey Robinson and the Miracles, Lou Rawls, The Staple Singers, The Four Tops, Al Green, The Jimmy Castor Bunch, Rufus Thomas, Ronnie Dyson, Curtis Mayfield, Dionne Warwick, Billy Preston, Johnny Nash.
=520  \\$aThe greatest names in soul music from the 60's and 70's are brought together in one electrifying video event.
=650  \0$aSoul music.
=710  2\$aTelevision Syndications, Inc.
=710  2\$aU.S.A. Home Video.
=852  0\$822166299830002311$bH$cVHS$hM1630.18$i.S647
=966  \\$aprimo

