=LDR  01080cgm  2200313u  4500
=001  996389660102311
=005  20150603224830.0
=007  mr-beabb\\\\\\\\\\\\\\\
=008  771017c19461947nyu129ug\\\\\\\\\0mleng\d
=035  \\$a(TU)000638966UTK01
=035  9\$a671789
=035  \\$a(OCoLC)03347588
=040  \\$aGZK$cGZK$dm.c.$dOCL$dTKN
=049  \\$aTKNN
=090  \\$aPN1997$b.I8
=099  \\$aPN1997.I8
=245  00$aIt's a wonderful life.$h[motion picture] /$cLiberty Films.
=260  \\$aNew York :$bRKO Radio Pictures,$c[made 1946, c1947]
=300  \\$a8 reels, 129 min. :$bmagnetic sd.,b&w ;$csuper 8 mm.
=500  \\$aTape copy.
=508  \\$aProduced and directed by Frank Capra.
=511  0\$aJames Stewart, Donna Reed and Henry Travers.
=520  \\$aA would be suicide is saved by an elderly angel who points out how his small town friends would have missed him had he not lived.
=650  \0$aFeature films.
=700  1\$aStewart, James,$d1908-
=700  1\$aReed, Donna,$d1921-1986.
=700  1\$aTravers, Henry.
=700  1\$aCapra, Frank,$d1897-
=966  \\$aprimo

