=LDR  01274ngm  2200325u  4500
=001  996461170102311
=005  20150603225023.0
=007  vf\ccahru
=008  850918s1985\\\\xx\053\\\\\\\\\\\1vleng\d
=035  \\$a(TU)000646117UTK01
=035  9\$a679068
=035  \\$a(OCoLC)12570739
=040  \\$aTKN$cTKN
=049  \\$atknk
=090  \\$aPS286.A6$bM3
=100  1\$aMarius, Richard.
=245  12$aA writers' inspiration, Appalachia$h[videorecording] /$cRichard Marius.
=260  \\$c1985.
=300  \\$a1 videodisc :$bdigital ;$c4 3/4 in.
=538  \\$aDVD
=500  \\$aTitle from brochure announcing Library Day activities.
=500  \\$aA videorecording of the 37th University of Tennessee Library lecture, May 24, 1984.
=500  \\$aIncludes greeting by Donald R. Hunt, introduction by Dr. Ralph Norman, and the greater part of the lecture by Richard Marius.
=500  \\$aCopied from U-matic.
=520  \\$aRichard Marius surveys southern Appalachian authors and their works.
=650  \0$aAmerican literature$zAppalachian Region.
=700  1\$aHunt, Donald R.$cSr.
=700  1\$aNorman, Ralph V.
=710  2\$aUniversity of Tennessee, Knoxville.$bLibraries.$tUniversity of Tennessee Library lectures ; no.37.
=852  0\$822250965700002311$bH$cDVD$h PS286 .A6$i M3

