=LDR  00365arm  2200145u  4500
=001  995867130102311
=005  19981005144300.0
=008  \\\\\\s2000\\\\\\\\\\\\\\\\\\000\\\eng\d
=035  \\$a(TU)000586713UTK01
=035  9\$a617402
=099  \\$aEG313hw
=100  \\$aGeisel.
=245  10$aHow the Grinch stole Christmas
=260  \\$aNY$c1957
=852  1\$822223580620002311$bH$cJUV$hFG313hw

