=LDR  00388arm  2200157u  4500
=001  995692740102311
=005  19970222000000.0
=008  \\\\\\s2000\\\\\\\\\\\\\\\\\\000\\\eng\d
=010  \\$a59-12483
=035  \\$a(TU)000569274UTK01
=035  9\$a598690
=099  \\$a923.1K16f
=100  \\$aKane.
=245  10$aFacts about the Presidents
=260  \\$aNY$c1959
=852  1\$822171215540002311$bH$cJUV$h923.1K16f

