=LDR  00708agm  2200241u  4500
=001  995766330102311
=005  20150603223425.0
=008  841109i19331936xx\\\\\\\\\\\\\\\\\\eng\d
=035  \\$a(TU)000576633UTK01
=035  9\$a606628
=035  \\$a(OCoLC)11365887
=040  \\$aTKN$cTKN
=049  \\$atknc
=099  \\$aUTK-MS-2005
=110  2\$aTennessee Valley Authority.
=245  10$a[Photographs of Norris Dam construction.]
=260  \\$c1933-1936.
=300  \\$a170 photoprints ;$c22 x 28 cm.
=500  \\$aIn two binders (29 cm.)
=505  0\$av.1. October 1933-September 1935--v. 2. September 1935-November 1936.
=650  \0$aNorris dam.
=852  8\$822165955880002311$bSC$cMSS$hUTK-MS-2005
=966  \\$aprimo

