=LDR  00813agm  2200253u  4500
=001  995942390102311
=005  20150603223830.0
=008  841212s1967\\\\utu008u\\\\\\\\\\0zneng\d
=035  \\$a(TU)000594239UTK01
=035  9\$a625305
=035  \\$a(OCoLC)11482303
=040  \\$aTKN$cTKN
=049  \\$atknc
=090  \\$aF788$b.C774
=099  \\$aF788.C774
=100  1\$aCrampton, C. Gregory$q(Charles Gregory),$d1911-
=245  10$a[Grand Canyon and Havasupai photographs.]
=260  \\$aSalt Lake City, Utah :$bWestern History Center, University of Utah,$c1967.
=300  \\$a8 photographs ;$c26 x 21 cm.
=500  \\$aIn portfolio.
=650  \0$aHavasupai Indians$vPictorial works.
=651  \0$aGrand Canyon (Ariz.)$xDescription and travel$xViews.
=852  0\$822167437090002311$bSC$cVIS$hF788$i.C774
=966  \\$aprimo

