=LDR  01077cgm  2200277u  4500
=001  996265040102311
=005  20150603224518.0
=007  g\\c\bfj\
=008  800604s1979\\\\nyu152ufz\\\\\\\\1s\eng\d
=035  \\$a(TU)000626504UTK01
=035  9\$a659099
=035  \\$a(OCoLC)06385873
=040  \\$aGZO$cGZO$dOCL$dm.c.$dTKN
=049  \\$aTKNk
=090  \\$aQE471.15.S25$bS353
=100  1\$aSchmidt, Volkmar.
=245  10$aSecondary reservoir porosity in the course of sandstone diagenesis.$h[slide] /$cby Volkmar Schmidt ; sponsored by the American Association of Petroleum Geologists.
=260  \\$aNew York :$bScience-Thru-Media Co.,$cc1979.
=300  \\$a152 slides :$bcol. ;$c2x2 in. &$e3 cassettes and guide.
=440  \0$aAAPG continuing education course note series ;$vno. 12
=500  \\$aIn 2 carousels
=500  \\$a"A continuing education course presented at the 1979 AAPG annual meeting in Houston."
=650  \0$aSandstone.
=650  \0$aDiagenesis.
=710  2\$aAmerican Association of Petroleum Geologists.
=852  0\$822165163850002311$bST$cSLIDE$hQE471.15.S25$iS353

