=LDR  01521agm  2200361u  4500
=001  995895110102311
=005  20150603223722.0
=007  mrucaaad\\\\\\\\\\\\\\\
=008  820709s1982\\\\ilu030\e\\\\\\\\\0mleng\c
=010  \\$a82700418 /F
=020  \\$cFor sale ( 495.00) or rent ( 50.00 for 3 days)
=035  \\$a(TU)000589511UTK01
=035  9\$a620363
=035  \\$a(OCoLC)09042440
=040  \\$aResearch Press Co.$cDLC$dTKN
=049  \\$aTKNk
=050  \\$aRC489.R3
=090  \\$aRC489.R3$bR3
=099  \\$aRC489.R3R3
=245  00$aRational emotive therapy$h[motion picture] /$cResearch Press Company ; [produced by] Norman Baxley and Associates ; producer and director, Norman Baxley.
=260  \\$aChampaign, Ill. :$bThe Company,$c1982.
=300  \\$a1 film reel (30 min.) :$bsd., col. ;$c16 mm.
=500  \\$aTitle from data sheet.
=500  \\$aIntended audience: College students, adults, counselors, social workers, etc.
=500  \\$aIssued also as videorecording.
=508  \\$aEditor, Eugene Ferraro.
=520  \\$aA documentary overview of rational emotive therapy, a form of psychotherapy developed in the 1950s by Dr. Albert Ellis. Dr. Ellis discusses the evolution of RET and shows it in practice at a public workshop and in unstaged counseling sessions.
=650  \0$aRational emotive behavior therapy.
=700  1\$aEllis, Albert,$d1913-
=710  2\$aResearch Press Company.
=710  2\$aNorman Baxley and Associates.
=852  0\$822202428550002311$bST$cFILM$hRC489.R3$iR3
=966  \\$aprimo

