=LDR  01516cgm  22003371  4500
=001  996365610102311
=005  20150603224750.0
=007  gs\ckbdf\
=008  731214s1973\\\\xxu702\e\\\\\\\\\0fneng\c
=010  \\$a73736347 /F
=035  \\$a(TU)000636561UTK01
=035  9\$a669328
=035  \\$a(OCoLC)05548598
=040  \\$aALA Booklist$cDLC$dm.c.$dTKN
=043  \\$an-us---
=049  \\$aTKNN
=090  \\$aNX512.3.N5$bS36
=245  00$aScholastic's Black culture program$h[filmstrip]
=260  \\$bScholastic Book Service,$c1973.
=300  \\$a8 filmstrips.$bcolor.$c35 mm.$eand 8 phonodiscs (2 s. each; 1 s. for manual projector, 1 s. for automatic projector), 12 in., 33 1/3 rpm., approx. 14 min. each.
=500  \\$aMounted as slides in 13 carousels.
=500  \\$aTape copy.
=500  \\$aWith additional phonodisc entitled Black music III.
=500  \\$aWith teacher's manual.
=505  0\$apt.1. Black art. 77 fr.--pt.2. Black dance. 100 fr.--pt.3. Black music I. 91 fr.--pt.4. Black music II. 79 fr.--pt.5. Black poetry I. 101 fr.--pt.6. Black poetry II. 87 fr.--pt.7. Black religion I. 79 fr.--pt.8. Black religion II. 88 fr.
=520  \\$aDiscusses some of the trends and developments in black and Afro-American art, dance, music, poetry, and religion.
=650  \0$aAfrican American arts$zUnited States.
=710  2\$aScholastic Book Services.
=740  0\$aBlack culture program.
=852  0\$822250931630002311$bH$cDVDOV$h NX512.3.N5$i S36
=852  0\$822166298520002311$bST$cSLIDE$hNX512.3.N5$iS36

