=LDR  01224ngm  2200313u  4500
=001  996266940102311
=005  20150603224518.0
=007  gsrcnbfj\
=008  850301s1981\\\\oku119u\m\\\\\\\\1sneng\d
=020  \\$a0891811729 (bk)
=035  \\$a(TU)000626694UTK01
=035  9\$a659303
=035  \\$a(OCoLC)11752392
=040  \\$aTXK$cTXK$dTKN
=049  \\$aTKNk
=090  \\$aQE601$b.S5
=100  1\$aSheriff, Robert E.
=245  10$aStructural interpretation of seismic data$h[slide] /$cRobert E. Sheriff.
=260  \\$aTulsa, OK :$bAmerican Association of Petroleum Geologists [distributor] ;$aNew York : Science-Thru-Media [producer],$cc1981.
=300  \\$a119 slides :$bcol. +$e6 sound cassettes + 1 book (72 p. : 28 cm.)
=490  1\$aEducation course note series$vno. 23
=500  \\$aIn 1 carousel
=500  \\$a"A continuing education course presented for the Dallas Geological Society February, 1981."--Container.
=650  \0$aGeology, Structural.
=650  \0$aSeismic prospecting$xData processing.
=710  2\$aAmerican Association of Petroleum Geologists.
=710  2\$aScience-Thru-Media.
=830  \0$aAAPG continuing education course note series$vno. 23.
=852  0\$822165184380002311$bST$cSLIDE$hQE601$i.S5

