=LDR  00383arm  2200145u  4500
=001  996252120102311
=005  20070806105809.0
=008  030824s1881\\\\\\\\\\\\\\\\\\000\\\eng\d
=035  \\$a(TU)000625212UTK01
=035  9\$a657658
=090  \\$aPQ4623.R3$bA17 1881
=100  \\$aRicciardi.
=245  10$aRime burlesche
=260  \\$aLivorno$c1881
=852  01$822169754540002311$bH$cSTACK$hPQ4623.R3$iA17 1881

