=LDR  01617agm  2200361u  4500
=001  995895150102311
=005  20150603223723.0
=007  vfrcnahr\
=008  821217s1976\\\\xxu058ue\\\\\\\\\0vleng\d
=035  \\$a(TU)000589515UTK01
=035  9\$a620367
=035  \\$a(OCoLC)09064387
=040  \\$aFYM$cFYM$dTKN
=049  \\$aTKNk
=090  \\$aF2431.N3$bI22
=245  00$aI shall moulder before I shall be taken$h[videorecording] :$ba story of afro-American defiance /$cS. Allen Counter and David Evans.
=260  \\$aNewton, Mass. :$bEducation Development Center,$c1976.
=300  \\$a1 videodisc :$bdigital ;$c4 3/4 in
=538  \\$aDVD.
=500  \\$aReproduction from U-matic.
=511  0\$aJames Earl Jones.
=508  \\$aCameramen, Kevin Burke, Richard Rogers ; film editors, Claire Ritchie, David Berenson ; sonsultants, Nan K. Nketsia ...[et al.].
=520  \\$aDocuments the authors' 1972 expedition to the jungles of Surinam to study the Djuka tribe, a society peopled by runaway African slaves from the Caribbean and the United States, who created a culture comprised of traditions from many nations to establish an enclave of Africa in South America.
=530  \\$aAlso available in VHS.
=600  10$aCounter, S. Allen.
=600  10$aEvans, David Beecher,$d1928-
=650  \0$aNdjuka people.
=651  \0$aSuriname$xSocial life and customs.
=651  \0$aSuriname$xHistory.
=700  1\$aCounter, S. Allen.$ejoint author.
=700  1\$aEvans, David Beecher,$d1928-$ejoint author.
=852  0\$822250926980002311$bH$cDVD$h F2431.N3$i I22
=852  0\$822250956100002311$bH$cVIDEO$h F2431 .N3$i I22

