=LDR  01597agm  2200349u  4500
=001  996368370102311
=005  20150603224757.0
=007  vfrcnaho\
=008  840921r19841981cau090u\\\\\\\\\\0vleng\d
=035  \\$a(TU)000636837UTK01
=035  9\$a669610
=035  \\$a(OCoLC)11182911
=040  \\$aFPL$cFPL$dTKN
=049  \\$aTKNk
=090  \\$aM1681.J318$bH4
=099  \\$aM1681.J318H4
=245  00$aHeartland reggae$h[videorecording] /$cCanada Offshore Cinema, Ltd. and Media Aides Limited.
=260  \\$aLos Angeles, CA :$bContinental Video,$cc1984.
=300  \\$a1 videocassette (90 min.) :$bsd., col. ;$c1/2 in.
=500  \\$aVHS format.
=500  \\$a"VHS 1011"
=500  \\$aVideocassette release of the 1981 concert by Canada Offshore Cinema, Ltd. and Media Aides Limited.
=508  \\$aDirector, Jim Lewis.
=511  0\$aBob Marley and the Wailers, I-Threes, Peter Tosh, Jacob Miller & The Inner Circle, Judy Mowatt & The Light of Love, Dennis Brown, U-Roy, Junior Tucker, Althea and Donna, Lloyd Parkes and We the People.
=520  \\$aThe immortal Bob Marley is joined by a dozen other Reggae stars in what is credited as his finest concert performance ever. This rock-u-mentary contains songs and footage never before available in the United States, plus sequences explaining the Rastafarian lifestyle and philosophy.
=650  \0$aReggae music$zJamaica.
=700  1\$aMarley, Bob,$d1945-1981.
=710  2\$aCanada Offshore Cinema, Ltd.
=710  2\$aMedia Aides Limited.
=710  2\$aContinental Video.
=852  0\$822166351840002311$bH$cVHS$hM1681.J318$iH4
=966  \\$aprimo

