=LDR  00351arm  2200145u  4500
=001  995870270102311
=005  19970222000000.0
=008  \\\\\\s2000\\\\\\\\\\\\\\\\\\000\\\eng\d
=035  \\$a(TU)000587027UTK01
=035  9\$a617720
=099  \\$aED238
=100  \\$aDaugherty.
=245  10$aAndy and the lion
=260  \\$aNY$c1942
=852  1\$822200756730002311$bH$cJUV$hFD238

