=LDR  01196ngm  2200325u  4500
=001  996266960102311
=005  20150603224518.0
=007  gsrcnhfj\
=008  840327s1981\\\\nyu042uf\\\\\\\\\1sneng\d
=035  \\$a(TU)000626696UTK01
=035  9\$a659305
=035  \\$a(OCoLC)10565301
=040  \\$aTXC$cTXC$dTKN
=049  \\$aTKNk
=090  \\$aQE471.15.S25$bP5
=092  \\$a552.5$bP68
=099  \\$aQE471.15.S25P5
=100  1\$aPittman, Edward D.
=245  10$aDiagenesis$h[slide] :$bkey to pore geometry and reservoir potential of sandstones /$cEdward D. Pittman.
=260  \\$aNew York :$bScience-Thru-Media, Inc. [production company] ;$aTulsa, Okla. :$bAmerican Association of Petroleum Geologists [sponsor and distributor],$c1981.
=300  \\$a42 slides :$bcol. +$e2 sound cassettes.
=490  0\$aA 1979 Distinguished Lecture
=500  \\$aIn 1 carousel.
=500  \\$aSound accompaniment compatible for manual and automatic operation.
=650  \0$aDiagenesis.
=650  \0$aSandstone.
=650  \0$aOil reservoir engineering.
=710  2\$aAmerican Association of Petroleum Geologists.
=710  2\$aScience-Thru-Media, Inc.
=852  0\$822165177420002311$bST$cSLIDE$hQE471.15.S25$iP5

