=LDR  01423cgm  2200325u  4500
=001  996288010102311
=005  20150603224550.0
=007  vf\ccahru
=008  791129s1969\\\\cau\\\ue\\\\\\\\\0vleng\d
=035  \\$a(TU)000628801UTK01
=035  9\$a661456
=035  \\$a(OCoLC)05743750
=040  \\$aTHC$cTHC$dm.c.$dTKN
=049  \\$aTKNN
=090  \\$aKF8745.B55$bJ8
=245  00$aJustice Black and the Bill of rights.$h[videorecording] /$cproduced by CBS News.
=260  \\$aSanta Monica, Calif. :$bBFA Educational Media,$c1969.
=300  \\$a1 videodisc :$bsd.,col. ;$c4 3/4 in.
=538  \\$aDVD
=500  \\$aReproduction from U-Matic.
=500  \\$aTelecast as a CBS News special, Dec. 10, 1968.
=508  \\$aProducer, Burton Benjamin ; reporters, Eric Sevareid, Martin Agronsky ; photographers, Robert J. Clemens, Robert Hess, John Bessor ; film editor, F. Howard O'Neill.
=520  \\$aEric Sevareid and Martin Agronsky discuss with Justice Hugo Black possible conflict between constitutional law and morality, freedom of speech, and police powers versus the right of the accused.
=530  \\$aAlso available in VHS.
=650  \0$aCivil rights$zUnited States.
=700  1\$aBlack, Hugo LaFayette,$d1886-1971.
=710  2\$aColumbia Broadcasting System, inc.
=710  2\$aBFA Educational Media.
=852  0\$822250955320002311$bH$cDVD$h KF8745 .B55$i J8
=852  0\$822250985400002311$bH$cVIDEO$h KF8745 .B55$i J8

