=LDR  02100agm  2200325u  4500
=001  996366520102311
=005  20150603224804.0
=007  vf\cnaho\
=008  850220s1984\\\\nyu118u\\\\\\\\\\0vleng\d
=035  \\$a(TU)000636652UTK01
=035  9\$a669420
=035  \\$a(OCoLC)11710917
=040  \\$aTKN$cTKN
=049  \\$atknk
=090  \\$aM1630.18$b.O83
=099  \\$aM1630.18.O83
=245  04$aThe Other side of Nashville$h[videorecording] /$cTransfilm Productions; produced and directed by Etienne Mirlese.
=260  \\$aN[ew] Y[ork], NY :$bMGM/UA Home Video,$cc1984.
=300  \\$a1 videocassette (ca. 118 min.) :$bsd., col. ;$c1/2 in.
=500  \\$aVHS format.
=505  0\$aMine was the first heart she broke -- The other side of Nashville -- The gambler -- The claw -- Oh lonesome me -- The devil went down to Georgia -- Y'all come -- They call me the breeze -- Get above your raisin's -- Round the clock lovin'-- What'd I say -- Two more bottles of wine -- Racin' in the streets -- Goodbye to a river -- Blue Flame Cafe -- Amazing grace -- Will the circle be unbroken -- Your cheatin' heart -- Hey good lookin' -- Jesus just left Chicago -- Blueberry hill -- Matchbox -- Blue suede shoes -- Honey don't -- I walk the line -- Folsom Prison blues -- To be alone with you -- One too many mornings -- Girl from the north country -- To beat the devil -- Always on my mind -- Whiskey river -- Shenandoah.
=508  \\$aNarrator, Bob Johnston.
=511  0\$aBobby Bare, Johnny Cash, Charlie Daniels, Gail Davies, Terri Gibbs, Emmylou Harris; Kris Kristofferson; Charlie McCoy; Willie Nelson; Carl Perkins; Donny Qualls; Rattlesnake Annie; Kenny Rogers; Ricky Skaggs; Porter Wagoner; Hank Williams, Jr.; Owen Davis.
=520  \\$aA fascinating inside look at Nashville, as seen through the eyes of the stars who've made it one of the great centers of the music world.
=650  \0$aCountry music.
=650  \0$aCountry music$zTennessee$zNashville.
=710  2\$aTransfilm Productions.
=710  2\$aMGM/UA Home Video (Firm)
=852  0\$822166304890002311$bH$cVHS$hM1630.18$i.O83
=966  \\$aprimo

