=LDR  01273cgm  2200373u  4500
=001  996446420102311
=005  20150603225004.0
=007  vfrcnaho-
=008  850408c19841983ilu081\e\\\\\\\\\1vlN/A\d
=033  0\$a1961----$b7004$cM6:2B6
=035  \\$a(TU)000644642UTK01
=035  9\$a677563
=035  \\$a(OCoLC)11893481
=040  \\$aCLO$cCLO$dTKN
=043  \\$ae-ur---
=049  \\$aTKNk
=090  \\$aM1520.P7$bZ6 1984
=099  \\$aM1520.P7Z6 1984
=100  1\$aProkofiev, Sergey,$d1891-1953.
=240  10$aZolushka
=245  10$aCinderella$h[videorecording] :$ba ballet /$cby Sergei Prokofyev.
=260  \\$aChicago, IL :$bInternational Historic Films,$c1984, c1983.
=300  \\$a1 videocassette (81 min.) :$bsd., col. ;$c1/2 in.
=500  \\$aSerial no. 245.
=500  \\$aVHS format.
=500  \\$aTitle on container: Bolshoi's Cinderella.
=508  \\$aProducers, Gorky Film Studios.
=511  0\$aBallet troupe and orchestra of the State Academic Bolshoi Theatre of the USSR ; Y. Feier, conductor.
=518  \\$aFilmed on the stage of the Bolshoi Theatre, in Moscow, in 1961.
=650  \0$aBallets.
=710  2\$aBolʹshoĭ teatr SSSR.
=740  0\$aBolshoi's Cinderella.
=740  0\$aZolushka.
=852  0\$822162553240002311$bH$cVHS$hM1520.P7$iZ6 1984

