=LDR  01031ngm  2200277u  4500
=001  996457420102311
=005  20150603225019.0
=007  mr-caabd\\\\\\\\\\\\\\\
=008  850918s1982\\\\txu000\\\\\\\\\\\0maeng\d
=035  \\$a(TU)000645742UTK01
=035  9\$a678691
=035  \\$a(OCoLC)12568115
=040  \\$aTKN$cTKN
=049  \\$atknk
=090  \\$aG2800$b.E8 1982
=099  \\$aG2800.E8 1982
=245  04$aThe Evolution of the southern oceans$h[motion picture] / Shell Development Company ; a computer animation by Christopher R. Scotese and William C. Ross with assistance from Linda P. Dodge ; based on various published studies by R.L. Fisher [et al.] ; produced by Sigmund Snelson.
=260  \\$aAustin, Tex. :$bGeoimages,$cc1982.
=300  \\$a1 film reel (ca. 8 min.) :$bmaps ;$c16 mm.
=650  \0$aOcean$vMaps.
=700  1\$aScotese, Christopher R.
=700  1\$aRoss, William C.
=710  2\$aShell Development Company.
=710  2\$aGeoimages.
=852  0\$822146466130002311$bST$cFILM$hG2800$i.E8 1982
=966  \\$aprimo

