=LDR  00354arm  2200145u  4500
=001  995874820102311
=005  19970222000000.0
=008  \\\\\\s2000\\\\\\\\\\\\\\\\\\000\\\eng\d
=035  \\$a(TU)000587482UTK01
=035  9\$a618203
=099  \\$aEM663Lv
=100  \\$aMinarik.
=245  10$aLittle bears visit
=260  \\$aNY$c1961
=852  1\$822200849370002311$bH$cJUV$hFM663Lv

