=LDR  01265ngm  2200265u  4500
=001  996437840102311
=005  20150603224951.0
=007  g--c-bfj\
=008  790731s1971\\\\xx\240ud\\\\\\\\\0sneng\d
=035  \\$a(TU)000643784UTK01
=035  9\$a676699
=035  \\$a(OCoLC)05226870
=040  \\$aZYU$cZYU$dTKN
=049  \\$aTKNN
=090  \\$aNX400$b.M3n
=099  \\$aNX440.W49
=245  00$aWhy man creates$h[slide] :$bman, the measure of all things.
=260  \\$aWhite Plains, N.Y. :$bCenter for Humanities,$c1971.
=300  \\$a240 slides (3 carousels) :$bcol.$c2 x 2 in.$eand 3 cassettes (2 track. mono.) & 3 discs (33 1/3 rpm. mono. 12 in.) and teacher's guide in 3 containers.
=500  \\$aBased upon the Metropolitan Museum of Art's Centennial Exhibition, Masterpieces of fifty centuries.
=505  0\$aPt. 1. Man creates: in his own image.--pt. 2. Man creates: for God or country.--pt. 3. Man creates: for love or money.
=520  \\$aPresents a survey of the creative accomplishments of man from the ancient civilizations of Mesopotamia to contemporary America. Includes views of works of art, dramatic narrative, and excerpts from literature and music.
=650  \0$aArts.
=650  \0$aCreation (Literary, artistic, etc.)
=710  2\$aCenter for Humanities.

