=LDR  01218agm  2200325u  4500
=001  995809030102311
=005  20150603223522.0
=007  mr-caaad\\\\\\\\\\\\\\\
=008  740828s1971\\\\mx\060\e\\\\\\\\\0mleng\c
=010  \\$a74702330 /F
=035  \\$a(TU)000580903UTK01
=035  9\$a611141
=035  \\$a(OCoLC)05555705
=040  \\$aTricontinental Film Center$cDLC$dm.c.$dTKN
=043  \\$an-mx---
=044  \\$amxag
=049  \\$aTKNk
=090  \\$aHC135$b.M565
=099  \\$aHC135.M565
=245  00$aMexico: the frozen revolution.$h[motion picture]
=260  \\$bWilliam Susman.$aMade in Mexico$aand Argentina.$bReleased in the U.S. by Tricontinental Film Center,$c1971.
=300  \\$a60 min.$bsd.,color.$c16 mm.
=500  \\$aEnglish version of the motion picture entitled Mexico: la revolución congelada.
=508  \\$aDirector and writer, Raymundo Gleyzer; photographer, Humberto Rios.
=520  \\$aPortrays Mexico's state of underdevelopment, covering the years from 1910 to the 1970's.
=651  \0$aMexico$xEconomic conditions$y1918-
=700  1\$aSusman, Bill,$d1915-2003.
=710  2\$aTricontinental Film Center.
=730  0\$aMexico: la revolución congelada.$h[Motion picture].
=966  \\$aprimo

