=LDR  00842agm  2200289u  4500
=001  995702400102311
=005  20150603223304.0
=007  vf\ccahru
=008  840113q19801983tnu011u\\\\\\\\\\0vleng\d
=035  \\$a(TU)000570240UTK01
=035  9\$a599727
=035  \\$a(OCoLC)10297897
=040  \\$aTKN$cTKN
=049  \\$atkn5
=090  \\$aSF992.C3$bC3
=099  \\$aSF992.C3C3
=245  00$aCastration of the dog$h[videorecording] /$cDavid Bone.
=260  \\$a[Knoxville?, Tenn. :$bs.n.,$c198-?]
=300  \\$a1 videocassette (11 min.) :$bsd., col. ;$c3/4 in.
=538  \\$aU-matic.
=500  \\$aTitle from container.
=520  \\$aShows the surgical procedure of castration of the dog.
=650  \0$aCastration.
=650  \0$aDogs$xSurgery.
=700  1\$aBone, David.
=852  0\$822152637470002311$bSC$cARVIS$hSF992.C3$iC3
=966  \\$aprimo

