=LDR  00871agm  2200253u  4500
=001  995888280102311
=005  20150603223712.0
=007  mr-caaad\\\\\\\\\\\\\\\
=008  781204s1978\\\\xxu027\e\\\\\\\\\0mleng\c
=010  \\$a78701127 /F
=035  \\$a(TU)000588828UTK01
=035  9\$a619624
=035  \\$a(OCoLC)05648521
=040  \\$aCINE$cDLC$dTKN
=049  \\$aTKNk
=090  \\$aHD8039.M39$bP4
=099  \\$aHD8039.M39P4
=245  02$aA Perfectly normal day.$h[motion picture].
=260  \\$aHollywood, Calif. :$bCally Curtis Co.,$c1978.
=300  \\$a1 reel, 27 min. :$bsd.,col. ;$c16 mm. +$eguide (14 p.).
=520  \\$aDesigned to teach office workers how to develop a new attitude toward reducing and managing the daily crises and interruptions that occur in a working situation.
=650  \0$aWhite collar workers.
=710  2\$aCally Curtis Company.
=966  \\$aprimo

