=LDR  01007agm  2200301u  4500
=001  996367470102311
=005  20150603224802.0
=007  mr-caaad\\\\\\\\\\\\\\\
=008  800828s1979\\\\xxu023\e\\\\\\\\\0mlengmc
=010  \\$a80700159 /F
=035  \\$a(TU)000636747UTK01
=035  9\$a669517
=035  \\$a(OCoLC)06890495
=040  \\$aNational Geographic Society$cDLC$dm.c.$dTKN
=049  \\$aTKNk
=050  \\$aQE511.5
=090  \\$aQE511.5$b.O8
=099  \\$aQE511.5.O8
=245  00$aOur dynamic Earth.$h[motion picture] /$cNational Geographic Society.
=260  \\$aWashington :$bThe Society,$cc1979.
=300  \\$a1 reel, 23 min. :$bsd.,col. ;$c16 mm.$e& teacher's guide.
=500  \\$aTitle from data sheet.
=500  \\$aAlso issued as videorecording.
=520  \\$aExamines information about continental drift gathered from deep sea research.
=650  \0$aContinental drift.
=710  2\$aNational Geographic Society (U.S.)
=852  0\$822166334580002311$bST$cFILM$hQE511.5$i.O8
=966  \\$aprimo

