=LDR  01373agm  2200301u  4500
=001  995744260102311
=005  20150603223402.0
=007  mrucaaad\\\\\\\\\\\\\\\
=008  830705s1982\\\\ilu018\e\\\\\\\\\0mleng\c
=010  \\$a82701098 /F
=020  \\$cFor sale ( 335.00) or rent ( 20.00)
=035  \\$a(TU)000574426UTK01
=035  9\$a604249
=035  \\$a(OCoLC)09476701
=040  \\$aCINE$cDLC$dTKN
=049  \\$aTKNk
=090  \\$aGB1004.2$b.G7
=245  00$aGroundwater$h[motion picture] /$cEncyclopaedia Britannica Educational Corporation ; producer, director, Bert Van Bork ; writer, James Clark.
=260  \\$aChicago, Ill. :$bThe Corporation,$c1982.
=300  \\$a1 film reel (18 min.) :$bsd., col. ;$c16 mm. +$e1 guide.
=500  \\$aTitle from data sheet.
=500  \\$aIntended audience: Ages 14 through adult.
=500  \\$aIssued also as videorecording.
=508  \\$aCamera, editor, Bert Van Bork.
=520  \\$aExplains how groundwater originates and illustrates various forms in which it occurs. Uses animated sequences to show geological formations that result from erosion or deposition of groundwater, the properties that characterize good aquifers, and the importance of groundwater as a natural resource.
=650  \0$aHydrogeology.
=710  2\$aEncyclopaedia Britannica Educational Corporation.
=852  0\$822203391740002311$bST$cFILM$hGB1004.2$i.G7

