=LDR  01130ngm  22003011  4500
=001  996230200102311
=005  20150603224440.0
=007  mrucaaad\\\\\\\\\\\\\\\
=008  820708s1982\\\\cau016\e\\\\\\\\\0mleng\c
=010  \\$a82700472 /F
=035  \\$a(TU)000623020UTK01
=035  9\$a655322
=035  \\$a(OCoLC)09042697
=040  \\$aSalenger Educational Media$cDLC$dTKN
=049  \\$aTKNk
=050  \\$aHF5415.5
=090  \\$aHF5415.5$b.D4
=099  \\$aHF5415.5.D4
=245  00$aDealing with angry customers$h[motion picture] /$cSalenger Educational Media.
=260  \\$aSanta Monica, CA :$bSalenger Educational Media,$c1982.
=300  \\$a1 film reel (16 min.) :$bsd., col. ;$c16 mm. +$e1 leader's guide + 5 workbooks.
=500  \\$aTitle from data sheet.
=500  \\$aIntended audience: College students, adults, and sales personnel.
=520  \\$aShows how to deal with angry customers by first dealing with the person's feelings and then by finding a solution to the customer's problem.
=650  \0$aCustomer services.
=650  \0$aConsumer complaints.
=710  2\$aSalenger Educational Media (Firm)
=966  \\$aprimo

