=LDR  00813ngm  2200265u  4500
=001  996406910102311
=005  20150603224849.0
=007  gs\cu\\j\
=008  850828s1983\\\\xx\158u\\\\\\\\\\0snN/A\d
=035  \\$a(TU)000640691UTK01
=035  9\$a673561
=035  \\$a(OCoLC)12434553
=040  \\$aTKN$cTKN
=049  \\$aTKn5
=090  \\$aSB608.R5$bF5
=099  \\$aSB608.R5F5
=245  00$a[Field problems of tropical rice$h[slide]
=260  \\$a[s.l.:$bInternatinal Rice Research Institute,$c1983?]
=300  \\$a158 slides :$bcol.
=500  \\$aMounted in 2 carousels.
=500  \\$aAccompanies the book of the same title.
=650  \0$aRices$xDiseases and pests$vHandbooks, manuals, etc.
=710  2\$aInternational Rice Research Institute.
=852  0\$822144947520002311$bST$cSTOR4$hSB608.R5$iF5
=966  \\$aprimo

