=LDR  00873agm  2200277u  4500
=001  995898450102311
=005  20150603223723.0
=007  mr-caaad\\\\\\\\\\\\\\\
=008  841204s1979\\\\cau020u\\\\\\\\\\0mleng\d
=035  \\$a(TU)000589845UTK01
=035  9\$a620719
=035  \\$a(OCoLC)11449876
=040  \\$aTKN$cTKN
=049  \\$atknk
=090  \\$aQE501$b.F76
=099  \\$aQE501.F76
=245  00$aFrom periodotite to granite$h[motion picture] /$can Open University production.
=260  \\$aSan Diego, Calif. :$bUniversity Media$c1979.
=300  \\$a1 film reel (ca. 20 min.) :$bsd., col. ;$c16 mm.
=520  \\$aAn examination of the various rock types and their origins.
=650  \0$aPhysical geology.
=650  \0$aRocks$xAnalysis.
=710  2\$aOpen University.
=710  2\$aUniversity Media.
=852  0\$822202466420002311$bST$cFILM$hQE501$i.F76
=966  \\$aprimo

