=LDR  01712cgm  22003611  4500
=001  996395960102311
=005  20150603224828.0
=007  vf\mcahru
=008  791102s1976\\\\xxu150\e\\\\\\\\\0vleng\c
=010  \\$a79707671 /F
=035  \\$a(TU)000639596UTK01
=035  9\$a672449
=035  \\$a(OCoLC)05890361
=040  \\$aTime-Life Multimedia$cDLC$dm.c.$dTKN
=043  \\$an-us---
=049  \\$aTKNN
=090  \\$aPN1993.5.U6$bL48
=245  00$aLife goes to the movies$h[videorecording] /$cTime-Life Films and 20th Century-Fox TV.
=260  \\$aNew York :$bTime-Life Multimedia,$c1976.
=300  \\$a5 videodiscs :$bdigital ;$c4 3/4 in.
=538  \\$aDVD.
=500  \\$aIncludes discussion guide (133 p.).
=500  \\$aTitle from data sheet.
=500  \\$aCopied from U-matic.
=505  0\$apt. 1. The golden age of Hollywood: the depression and a new optimism.--pt.2. The war years: fabulous 1939, then global conflict.--pt. 3. The post-war era: film noir and the Hollywood Ten.--pt.4. The fifties: television and a new Hollywood.--pt. 5. Movies today: a new morality.
=508  \\$aProducer, Mel Stuart; writer, Richard Schickel; narrators, Henry Fonda, Shirley MacLaine, Liza Minnelli; editor, Robert K. Lambert.
=520  \\$aA compilation of feature film clips, news photographs, and narrative that examines the development of 20th century American popular culture as reflected in motion pictures.
=530  \\$aAlso available in VHS.
=650  \0$aMotion pictures$zUnited States$xHistory.
=710  2\$aTime-Life Films.
=710  2\$aTwentieth Century-Fox Television, Inc.
=852  0\$822250909120002311$bH$cDVD$h PN1993.5 .U6$i L48
=852  0\$822250971880002311$bH$cVIDEO$h PN1993.5 .U6$i L48

