=LDR  00417arm  2200157u  4500
=001  995870860102311
=005  20070726093610.0
=008  900101s1924\\\\enk\\\\\\\\\\\\\\\\\engsd
=035  \\$a(TU)000587086UTK01
=035  9\$a617782
=090  \\$aPA4020$b.P24 1924
=100  0\$aHomer.
=245  14$aThe twenty-fourth book of the Iliad
=260  \\$aLondon$c1924
=852  01$822200823240002311$bH$cSTACK$hPA4020$i.P24 1924
=966  \\$aprimo

