=LDR  01052cgm  22003011  4500
=001  996341930102311
=005  20150603224705.0
=007  g\\c\\\j\
=008  760204s1975\\\\xxu120\e\\\\\\\\\0sneng\c
=010  \\$a75733526 /F/r83
=035  \\$a(TU)000634193UTK01
=035  9\$a666931
=035  \\$a(OCoLC)03501729
=040  \\$aHarper & Row, Publishers$cDLC$dm.c.$dTKN
=049  \\$aTKNN
=090  \\$aN8354$b.W64
=245  00$aWomen artists$h[slide] :$ba historical survey (early Middle Ages to 1900).
=260  \\$bHarper & Row, Publishers,$c1975.
=300  \\$a120 slides (1 carousel) :$bcolor ;$c2 x 2 in.$eand notes and index.
=508  \\$aAuthors, Karen Petersen, J. J. Wilson.
=520  \\$aPresents views of paintings and sculpture by 60 women artists from Europe and America, spanning 4 centuries.
=650  \0$aWomen artists.
=650  \0$aPainting.
=650  \0$aSculpture.
=700  1\$aPetersen, Karen,$d1943-
=700  1\$aWilson, J. J.,$d1936-
=710  2\$aHarper & Row, Publishers.
=852  0\$822156783760002311$bST$cSLIDE$hN8354$i.W64

