=LDR  01421ngm  2200337u  4500
=001  996463380102311
=005  20150603225039.0
=007  vfrcnaho\
=008  830425s1983\\\\miu114u\\\\\\\\\\0vleng\d
=035  \\$a(TU)000646338UTK01
=035  9\$a679291
=035  \\$a(OCoLC)09447876
=040  \\$aFPL$cFPL$dTKN
=049  \\$aTKNk
=090  \\$aM1741.18.W5$bW48
=099  \\$aM1741.18.W5W48
=245  04$aThe Who rocks America, 1982 American tour$h[videorecording] /$cProfile Publishing and Management Corporation.
=260  \\$aFarmington Hills, MI :$bCBS/FOX Video,$c1983.
=300  \\$a1 videocassette (114 min.) :$bsd., col., stereo. ;$c1/2 in.
=500  \\$aVHS format.
=500  \\$a"VHS 6234"
=500  \\$aVideocassette release of their 1982 concert tour by Profile Publishing and Management Corporation.
=508  \\$aProducer, Jack Calmes ; director, Richard Namm ; sound, Glyn Johns ; executive producers, Bill Curbishley, Roy Baird ; editor, Phil Tweedy.
=511  0\$aThe Who: Pete Townsend, Roger Daltrey, John Entwistle, Kenney Jones, Tim Gorman.
=520  \\$aThe Who explodes on stage in this concert that climaxes their historic "final" tour.
=650  \0$aRock music$zEngland.
=650  \0$aRock music$zUnited States.
=710  2\$aWho (Musical group)
=710  2\$aProfile Publishing and Management Corporation.
=710  2\$aCBS Fox Video.
=852  0\$822208769710002311$bH$cVHS$hM1741.18.W5$iW48

