=LDR  00948agm  2200265u  4500
=001  995863350102311
=005  20150603223648.0
=007  mr-baaad\\\\\\\\\\\\\\\
=008  820429s1981\\\\nyu037ue\\\\\\\\\0mleng\d
=035  \\$a(TU)000586335UTK01
=035  9\$a617002
=035  \\$a(OCoLC)08381632
=040  \\$aWIS$cWIS$dTKN
=043  \\$an-mx---
=049  \\$aTKNk
=090  \\$aF1234$b.R23
=099  \\$aF1234.R23
=245  04$aThe Ragged revolution$h[motion picture] :$bthe romance and the reality of the Mexican revolution, 1910 to 1920 /$cYorkshire Television ; produced by Tony Essex.
=260  \\$a[S.l.] :$bYorkshire Television [production company] ;$a[New York] :$bDocument Associates [releaser,$c1981?]
=300  \\$a1 reel (37 min.) :$bsd., b&w with col. introductory sequence ;$c16 mm.
=511  0\$aAlec Mango.
=651  \0$aMexico$xHistory$y1910-1946.
=710  2\$aYorkshire Television.
=710  2\$aDocument Associates.
=966  \\$aprimo

