=LDR  00834agm  2200253u  4500
=001  996311680102311
=005  20150603224622.0
=008  771115s1976\\\\xx\\\\u\\\\\\\\\\0uueng\d
=035  \\$a(TU)000631168UTK01
=035  9\$a663860
=035  \\$a(OCoLC)03421401
=040  \\$aIOD$cIOD$dm.c.$dTKN
=049  \\$aTKNN
=090  \\$aML3797.L6$bC3
=100  1\$aLomax, Alan,$d1915-
=245  10$aCantometrics :$ba method in musical anthropology /
=260  \\$aBerkeley, Calif. :$bUniversity of California, Extension Media Center,$cp1976.
=300  \\$a7 cassettes.$b28 cm.$c(31 cm.)$eand insert in binder
=500  \\$aAT 349-AT355.
=650  \0$aEthnomusicology.
=650  \0$aFolk music$xHistory and criticism.
=852  0\$822145560260002311$bMUS$cSTACK$hML3797.L6$iC3
=852  0\$822145560350002311$bST$cCAS$hML3797.L6$iC3
=966  \\$aprimo

