=LDR  01558cgm  2200397u  4500
=001  996396980102311
=005  20150603224827.0
=007  go\cn\\f\
=008  810319s1971\\\\xxk\\\\\m\\\\\\\\0fneng\d
=035  \\$a(TU)000639698UTK01
=035  9\$a672551
=035  \\$a(OCoLC)07241595
=040  \\$aCOA$cCOA$dTKN
=043  \\$ae------$aff------$aaw-------
=049  \\$aTKNN
=090  \\$aPN2570$b.H56
=245  04$aThe History of the European theatre$h[filmstrip]
=260  \\$aLondon;$aNew York :$bVisual Publications,$c1971.
=300  \\$a8 filmstrips :$bcol. ;$c35 mm. +$e8 scripts;in container, 24x30x8 cm.
=500  \\$aMounted as slides in carousels.
=505  0\$a1. Greek theatre (44 fr.) -- 2. Roman theatre (44 fr.) -- 3. Medieval theatre (36 fr.) -- 4. Renaissance theatre (37 fr.) -- 5. Late 17th century theatre (35 fr.) -- 6. Later 18th century: 1720-1820 (38 fr.) -- 7. Romantic theatre: 1820-1870 (37 fr.) -- 8. The New realism: 1870-1925 (36 fr.)
=650  \0$aTheater$xHistory.
=650  \0$aTheater$zGreece$xHistory.
=650  \0$aTheater$zRome$xHistory.
=650  \0$aTheater$zEngland$xHistory.
=650  \0$aTheater$zGreat Britain$xHistory.
=710  2\$aVisual Publications.
=740  0\$aGreek theatre.
=740  0\$aRoman theatre.
=740  0\$aMedieval theatre.
=740  0\$aRenaissance theatre.
=740  0\$aLate 17th century theatre.
=740  0\$aLater 18th century: 1720-1820.
=740  0\$aRomantic theatre: 1820-1870.
=740  0\$aNew realism: 1870-1925.
=852  0\$822176452920002311$bST$cSLIDE$hPN2570$i.H56

