=LDR  01596agm  2200445u  4500
=001  996464710102311
=005  20150603225021.0
=007  vf\cbaho\
=008  840123p19831980nju245u\\\\\\\\\\1vlger\d
=033  \\$a1980----$b6299$cB25
=035  \\$a(TU)000646471UTK01
=035  9\$a679428
=035  \\$a(OCoLC)10329925
=040  \\$aENG$cENG$dTKN
=041  \\$ager$beng
=049  \\$aTKNk
=090  \\$aM1500.W14$bR52 1983
=100  1\$aWagner, Richard,$d1813-1883.
=240  10$aRing des Nibelungen.$pWalküre
=245  00$aWagner's Ring.$pDie Walküre$h[videorecording]
=260  \\$aPrinceton, N.J. :$bFilms for the Humanities,$c[1983]
=300  \\$a4 videocassettes (245 min.) :$bsd., col. ;$c1/2 in.
=500  \\$aOpera in 3 acts.
=500  \\$aSung in German ; subtitles in English.
=500  \\$aVHS format.
=500  \\$aFilms for the Humanities: FFH 742.
=511  0\$aBayreuth Festival centennial production, featuring Gwyneth Jones as Brünnhilde, Jeannine Altmeyer as Sieglinde, Peter Hofmann as Siegmund, and Donald McIntyre as Wotan ; Pierre Boulez, conductor ; Patrice Chéreau, stage director.
=518  \\$aRecorded in 1980.
=650  \0$aOperas.
=700  1\$aJones, Gwyneth,$d1936-
=700  1\$aAltmeyer, Jeannine.
=700  1\$aHofmann, Peter.
=700  1\$aMcIntyre, Donald,$d1934-
=700  1\$aBoulez, Pierre,$d1925-
=700  1\$aChéreau, Patrice.
=710  2\$aFilms for the Humanities (Firm)
=711  2\$aBayreuther Festspiele.
=740  0\$aRing des Nibelungen.
=740  0\$aWalküre.
=852  0\$822208784260002311$bH$cVHS$hM1500.W14$iR52 1983

