=LDR  01528agm  2200433u  4500
=001  996464690102311
=005  20150603225021.0
=007  vf\cbaho\
=008  840123p19831980nju253u\\\\\\\\\\1vlger\d
=033  \\$a1980----$b6299$cB25
=035  \\$a(TU)000646469UTK01
=035  9\$a679426
=035  \\$a(OCoLC)10329979
=040  \\$aENG$cENG$dTKN
=041  \\$ager$beng
=049  \\$aTKNk
=090  \\$aM1500.W14$bR512 1983
=100  1\$aWagner, Richard,$d1813-1883.
=240  10$aRing des Nibelungen.$pSiegfried
=245  00$aWagner's Ring.$pSiegfried$h[videorecording]
=260  \\$aPrinceton, N.J. :$bFilms for the Humanities,$c[1983]
=300  \\$a3 videocassettes (253 min.) :$bsd., col. ;$c1/2 in.
=500  \\$aOpera in 3 acts.
=500  \\$aSung in German ; subtitles in English.
=500  \\$aVHS format.
=500  \\$aFilms for the Humanities: FFH 743.
=511  0\$aBayreuth Festival centennial production, featuring Gwyneth Jones as Brünnhilde, Manfred Jung as Siegfried, and Donald McIntyre as Wotan ; Pierre Boulez, conductor ; Patrice Chéreau, stage director.
=518  \\$aRecorded in 1980.
=650  \0$aOperas.
=700  1\$aJones, Gwyneth,$d1936-
=700  1\$aJung, Manfred.
=700  1\$aMcIntyre, Donald,$d1934-
=700  1\$aBoulez, Pierre,$d1925-
=700  1\$aChéreau, Patrice.
=710  2\$aFilms for the Humanities (Firm)
=711  2\$aBayreuther Festspiele.
=740  0\$aRing des Nibelungen.
=740  0\$aSiegfried.
=852  0\$822208749970002311$bH$cVHS$hM1500.W14$iR512 1983

