=LDR  01421agm  2200409u  4500
=001  996464670102311
=005  20150603225021.0
=007  vf\cbaho\
=008  840123p19831980nju150u\\\\\\\\\\1vlger\d
=033  \\$a1980----$b6299$cB25
=035  \\$a(TU)000646467UTK01
=035  9\$a679424
=035  \\$a(OCoLC)10329956
=040  \\$aENG$cENG$dTKN
=041  \\$ager$beng
=049  \\$aTKNk
=090  \\$aM1500.W14$bR53 1983
=100  1\$aWagner, Richard,$d1813-1883.
=240  10$aRing des Nibelungen.$pRheingold
=245  00$aWagner's Ring.$pDas Rheingold$h[videorecording]
=260  \\$aPrinceton, N.J. :$bFilms for the Humanities,$c[1983]
=300  \\$a2 videocassettes (150 min.) :$bsd., col. ;$c1/2 in.
=500  \\$aOpera in 1 act.
=500  \\$aSung in German ; subtitles in English.
=500  \\$aVHS format.
=500  \\$aFilms for the Humanities: FFH 741.
=511  0\$aBayreuth Festival centennial production, featuring Donald McIntyre as Wotan and Hermann Becht as Alberich ; Pierre Boulez, conductor ; Patrice Chéreau, stage director.
=518  \\$aRecorded in 1980.
=650  \0$aOperas.
=700  1\$aMcIntyre, Donald,$d1934-
=700  1\$aBecht, Hermann.
=700  1\$aBoulez, Pierre,$d1925-
=700  1\$aChéreau, Patrice.
=710  2\$aFilms for the Humanities (Firm)
=740  0\$aRing des Nibelungen.
=740  0\$aRheingold.
=852  0\$822208793370002311$bH$cVHS$hM1500.W14$iR53 1983

