=LDR  00368arm  2200145u  4500
=001  995761760102311
=005  19970222000000.0
=008  \\\\\\s2000\\\\\\\\\\\\\\\\\\000\\\eng\d
=035  \\$a(TU)000576176UTK01
=035  9\$a606149
=099  \\$a970.1D76i
=100  \\$aDrake.
=245  10$aIndian history for young folks
=260  \\$aNY$c1927
=852  1\$822165958590002311$bH$cJUV$h970.1D76i

