=LDR  01332agm  2200349u  4500
=001  995822760102311
=005  20150603223547.0
=007  mrucaaad\\\\\\\\\\\\\\\
=008  820824s1982\\\\cau015\e\\\\\\\\\0mleng\c
=010  \\$a81701585 /F
=035  \\$a(TU)000582276UTK01
=035  9\$a612615
=035  \\$a(OCoLC)08711059
=040  \\$aCRM/McGraw-Hill Films$cDLC$dTKN
=049  \\$aTKNk
=050  \\$aHD50
=090  \\$aHD50$b.C3 1982
=099  \\$aHD50.C3 1982
=245  02$aA Case of working smarter, not harder$h[motion picture] /$cCRM Productions.
=260  \\$aDel Mar, CA :$bCRM/McGraw-Hill Films,$c1982.
=300  \\$a1 film reel (15 min.) :$bsd., col. ;$c16 mm. +$e1 leader's guide.
=500  \\$aTitle from data sheet.
=500  \\$aTitle on leader's guide: Working smarter, not harder.
=500  \\$aIntended audience: Senior high school through adult.
=500  \\$aIssued also as videorecording.
=520  \\$aMacGregor, a manager who is caught in the managerial trap of solving everyone else's problems, decides to develop a new system--one that encourages subordinates to make their own decisions.
=650  \0$aDelegation of authority.
=650  \0$aOrganizational effectiveness.
=710  2\$aCRM Productions.
=710  2\$aCRM/McGraw-Hill Films.
=740  0\$aWorking smarter, not harder.
=966  \\$aprimo

