=LDR  01342ngm  2200313u  4500
=001  996402140102311
=005  20150603224859.0
=007  gs-cnbfj\
=008  850827s1981\\\\nyu180u\\\\\\\\\\1sneng\d
=035  \\$a(TU)000640214UTK01
=035  9\$a673073
=035  \\$a(OCoLC)12429484
=040  \\$aTKN$cTKN
=049  \\$atknk
=090  \\$aQE651$b.N4
=099  \\$aQE651.N4
=100  1\$aNeidell, Norman S.
=245  10$aStratigraphic modeling and interpretation$h[slide] :$bgeophysical principles and techniques /$cNorman S. Neidell.
=260  \\$aNew York, N.Y. :$bScience-Thru-Media Co.,$cc 1981.
=300  \\$a94, 68 slides :$bcol. +$e6 sound cassettes + 1 book (145 p. ; 28 cm.) + Instructions for two-screen slide presentation (4 p. ; 28 cm.)
=500  \\$aSlides mounted in 2 carousels.
=500  \\$a"Two screens are necessary for this slide presentation... Projectors will be used simultaneously, alternately, and sometimes one slide will be held on one screen while several are changed on the other."
=500  \\$aSponsored by the American Association of Petroleum Geologists.
=500  \\$apt.1 is for left side projection; pt 2 for right side.
=650  \0$aGeological modeling.
=650  \0$aGeology, Stratigraphic.
=710  2\$aAmerican Association of Petroleum Geologists.
=710  2\$aScience-Thru-Media.
=966  \\$aprimo

