=LDR  01074agm  2200289u  4500
=001  996057130102311
=005  20150603224108.0
=007  mr-caaad\\\\\\\\\\\\\\\
=008  850104q19801984xx\024u\r\\\\\\\\0mleng\d
=035  \\$a(TU)000605713UTK01
=035  9\$a637217
=035  \\$a(OCoLC)11546444
=040  \\$aTKN$cTKN
=049  \\$atknk
=090  \\$aQE523.E8$bL8
=099  \\$aQE523.E8L8
=245  00$aLavas of Etna$h[motion picture] /$cproduced by BBC-TV/Open Univerisity.
=260  \\$aSan Diego, Calif. :$bMedia Guild,$c[198-]
=300  \\$a1 film reel (24 min.) :$bsd., col. ;$c16 mm. /$e1 guide (1 p. ; 28 cm.)
=500  \\$aCataloging information from guide.
=520  \\$aReviews the form and the structural complexity of Mount Etna, as well as the historic evoluation of the lava and ash tupes that comprise the mountain's mantle.
=651  \0$aEtna, Mount (Italy)
=710  2\$aOpen University.
=710  2\$aBritish Broadcasting Corporation.$bTelevision Service.
=710  2\$aMedia Guild.
=852  0\$822211562110002311$bST$cFILM$hQE523.E8$iL8
=966  \\$aprimo

