=LDR  01672ngm  2200373u  4500
=001  996408840102311
=005  20150603224902.0
=007  go\cubff\
=008  790126s1975\\\\nyu368ue\\\\\\\\\0fneng\d
=035  \\$a(TU)000640884UTK01
=035  9\$a673757
=035  \\$a(OCoLC)04588507
=040  \\$aIVS$cIVS$dm.c.$dTKN
=049  \\$aTKNN
=092  \\$a809.7$bHum
=099  \\$aPN6147.H85
=245  00$aHumor and satire$h[filmstrip]
=260  \\$aNew York :$bScholastic Magazines,$c1975.
=300  \\$a4 rolls :$bcol. ;$c35 mm.$e& 4 cassettes (4-track. stereo.) and teaching guide.
=500  \\$aSound accompaniment compatible for manual and automatic operation.
=500  \\$aTeacher's guide written by Judith B. Stamper.
=500  \\$aMounted as 366 slides in 4 carousels.
=500  \\$aTape copy.
=505  0\$aWhat makes us laugh? 90 fr.--Mark Twain. 87 fr.--Jules Feiffer. 103 fr.--Mechanization of man. 88 fr.
=508  \\$aProducer, Margaret Howlett; script, H. William Stine; illustrators, Arthur Friedman, Mark Schuler; cartoons, Jared D. Lee; photos, Richard Hutchings.
=520  \\$aDiscusses situations, devices, techniques, and causes of humor and kinds of jokes. Features the humor of Mark Twain and Jules Feiffer and a series of satiric impressions by writers and artists about the relationship betwen machines and people.
=600  10$aTwain, Mark,$d1835-1910.
=600  10$aFeiffer, Jules.
=650  \0$aWit and humor$xHistory and criticism.
=710  2\$aScholastic Magazines, inc.
=740  0\$aWhat makes us laugh$hfilmstrip
=740  0\$aMark Twain$hfilmstrip
=740  0\$aJules Feiffer$hfilmstrip
=740  0\$aMechanization of man$hfilmstrip

