=LDR  01739agm  2200313u  4500
=001  995800590102311
=005  20150603223512.0
=007  vfrcnnho\
=008  821026s19821979cau\\\u\\\\\\\\\\0vlgre\d
=035  \\$a(TU)000580059UTK01
=035  9\$a610257
=035  \\$a(OCoLC)08894084
=040  \\$aNOC$cNOC$dTKN
=041  \\$agre$beng
=049  \\$aTKNk
=090  \\$aPN1997$b.I72
=245  00$aIphigenia$h[videorecording] /$c[an] Almi/Cinema 5 film ; produced by the Greek Film Centre ; written and directed by Michael Cacoyannis.
=260  \\$aBurbank, Calif. :$bColumbia Pictures Media Entertainment,$c1982.
=300  \\$a1 videocassette :$bsd., col. ;$c1/2 in.
=500  \\$aVHS format.
=500  \\$aIn Greek, subtitles in English.
=500  \\$aBased on the ancient Greek tragedy by Euripides.
=508  \\$aDirector of photography, George Arvanitis ; music, Mikis Theodorakis.
=511  1\$aIrene Papas, Tatiana Papamoskou, Costa Kazakos, Costa Carras.
=520  \\$aStory of a young girl caught in the midst of political intrigue and corruption. Under the leadership of Agamemnon, the Greek army is about to set sail to engage in a great battle, but the winds refuse to blow. When the army grows restless, Agamemnon seeks to improve morale by providing better food, but accidentally slays a sacred deer. His punishment, say the gods, is the sacrifice of his daughter, Iphigenia. Agamemnon sends for Iphigenia with a message that she will marry the great soldier Achilles. Iphigenia arrives for the wedding, accompanied by her mother, Clytemnestra--and the tragic story begins to unfold.
=650  \0$aFeature films.
=700  1\$aCacoyannis, Michael.
=710  2\$aAlmi Cinema 5.
=710  2\$aColumbia Pictures Media Entertainment.

