=LDR  00992cgm  22002891  4500
=001  996341950102311
=005  20150603224705.0
=007  g\\c\\\j\
=008  760204s1975\\\\xxu080\e\\\\\\\\\0sneng\c
=010  \\$a75733527 /F/r83
=035  \\$a(TU)000634195UTK01
=035  9\$a666933
=035  \\$a(OCoLC)03501678
=040  \\$aHarper & Row, Publishers$cDLC$dm.c.$dTKN
=049  \\$aTKNN
=090  \\$aN8354$b.W643
=245  00$aWomen artists$h[slide] :$bthe twentieth century.
=260  \\$bHarper & Row, Publishers,$c1975.
=300  \\$a80 slides.$bcolor.$c2 x 2 in.$eand notes and index.
=508  \\$aAuthors, Karen Petersen, J. J. Wilson.
=520  \\$aPresents views of paintings and sculpture by European and American women of the twentieth century.
=650  \0$aArt, Modern$y20th century.
=650  \0$aWomen artists.
=700  1\$aPetersen, Karen,$d1943-
=700  1\$aWilson, J. J.,$d1936-
=710  2\$aHarper & Row, Publishers.
=852  0\$822156786130002311$bST$cSLIDE$hN8354$i.W643

