=LDR  01063agm  2200277u  4500
=001  995706780102311
=005  20150603223311.0
=007  mrrcaaad\\\\\\\\\\\\\\\
=008  831005s1983\\\\fr\025u\\\\\\\\\\0mleng\d
=035  \\$a(TU)000570678UTK01
=035  9\$a600187
=035  \\$a(OCoLC)09982094
=040  \\$aTKN$cTKN
=049  \\$atknk
=090  \\$aQE26.2$b.M46
=099  \\$aQE26.2.M46
=245  00$aMen and their planet$h[motion picture] /$cby Scientific and Cultural Department.
=260  \\$aParis :$bAssociation pour la diffusion de la pensée franc̜aise, [1983]
=300  \\$a1 film reel (25 min.) :$bsd., col. ;$c16 mm.
=500  \\$aCataloging information from publisher's brochure.
=520  \\$aCalls to mind the assistance geology can bring to an understanding of our planet.
=650  \0$aGeology.
=651  \0$aEarth (Planet)
=710  1\$aFrance.$bDirection générale des relations culturelles, scientifiques et techniques.
=710  2\$aAssociation pour la diffusion de la pensée française.
=852  0\$822152630560002311$bST$cFILM$hQE26.2$i.M46

