=LDR  01299agm  2200325u  4500
=001  996193790102311
=005  20150603224423.0
=007  vf-cnaho\
=008  850125s1980\\\\xxu080u\\\\\\\\\\0vleng\d
=035  \\$a(TU)000619379UTK01
=035  9\$a651536
=035  \\$a(OCoLC)11618068
=040  \\$aTKN$cTKN
=049  \\$atknk
=090  \\$aPN1997$b.S783
=099  \\$aPN1997.S783
=245  00$aStreet scene$h[videorecording] /$cdirected by King Vidor ; produced by Samuel Goldwyn.
=260  \\$a[s.l.] :$bHollywood Home Theatre,$c1980.
=300  \\$a1 videocassette (80 min.) :$bsd., b&w ;$c1/2 in.
=500  \\$aVHS format.
=500  \\$a"Adapted for screen by Elmer Rice from his Pulitzer prize play."
=508  \\$aDirector, King Vidor ; producer,Samuel Goldwyn.
=511  1\$aSylvia Sidney, William Collier, Jr., Beulah Bondi.
=520  \\$aLives of New York City residents are explored in this version of Rice's prize winning play. A young woman attempts to bring happiness to her own life despite the problems between her parents.
=650  \0$aFeature films.
=700  1\$aVidor, King,$d1894-1982.
=700  1\$aRice, Elmer,$d1892-1967.$tStreet scene.
=700  1\$aGoldwyn, Samuel,$d1882-1974.
=710  2\$aHollywood Home Theatre.
=852  0\$822250947430002311$bH$cVIDE2$h PN1997$i .S783

