=LDR  00566agm  2200217u  4500
=001  995841480102311
=005  20150603223626.0
=007  vf-cnaao\
=008  841119s\\\\\\\\xx\---u\\\\\\\\\\0vleng\d
=035  \\$a(TU)000584148UTK01
=035  9\$a614644
=035  \\$a(OCoLC)11404134
=040  \\$aTKN$cTKN
=049  \\$atknk
=090  \\$aNK4225$b.C4
=099  \\$aNK4225.C4
=245  04$aThe Ceramic world of Shiro Otani$h[videorecording]
=260  \\$c[1984?]
=300  \\$a1 videocassette (VHS) :$bsd., col. ;$c1/2 in.
=600  10$aŌtani, Shirō,$d1936-
=650  \0$aCeramics.

