=LDR  01847cgm  22003851  4500
=001  996264660102311
=005  20150603224531.0
=007  vf\ccahr\
=008  770721s1977\\\\EN\720ug\\\\\\\\\0vceng\d
=035  \\$a(TU)000626466UTK01
=035  9\$a659059
=035  \\$a(OCoLC)03131969
=040  \\$aGZR$cGZR$dOCL$dm.c.$dOCL$dTKN
=044  \\$aEN$aUS
=049  \\$aTKNN
=099  \\$aHB75.G272
=245  04$aThe Age of uncertainty$h[videorecording] :$ba personal view by John Kenneth Galbraith /$cBBC-TV, in association with CBC, KCET, and OECA.
=260  \\$a[Wilmette, Ill.] :$bFilms Incorporated,$c1977.
=300  \\$a12 cassettes, 50-60 min. each :$bsd.,col. ;$c3/4 in.
=538  \\$aU-matic.
=505  0\$aThe prophets and promise of classical capitalism.--The manners & morals of high capitalism.--Karl Marx, the massive dissent.--The colonial idea.--Lenin and the great ungluing.--The rise and fall of money.--The Mandarin revolution.--The fatal competition.--The big corporation.--Land & the people.--The metropolis.--Democracy, leadership,commitment.
=508  \\$aWritten and narrated by John Kenneth Galbraith.
=520  \\$aJohn Kenneth Galbraith takes viewers on a personal tour through two hundred turbulent years of social thought and political economics.
=600  10$aMarx, Karl,$d1818-1883.
=600  10$aLenin, Vladimir Ilʹich,$d1870-1924.
=600  10$aKeynes, John Maynard,$d1883-1946.
=600  10$aVeblen, Thorstein,$d1857-1929.
=650  \0$aEconomics$xHistory.
=650  \0$aEconomic history.
=700  1\$aGalbraith, John Kenneth,$d1908-
=710  2\$aBritish Broadcasting Corporation.$bTelevision Service.
=710  2\$aCanadian Broadcasting Corporation.
=710  2\$aOntario Educational Communications Authority.
=710  2\$aKCET (Television station : Los Angeles, Calif.)
=710  2\$aFilms Incorporated.

