=LDR  00386arm  2200157u  4500
=001  996165770102311
=005  20000601105900.0
=008  900101s1940\\\\pau\\\\\\\\\\\\\\\\\engsd
=035  \\$a(TU)000616577UTK01
=035  9\$a648695
=099  \\$aEW879
=100  \\$aWood.
=245  14$aThe American Mother Goose
=260  \\$aPhiladelphia$c1940
=852  1\$822162857750002311$bH$cJUV$hFW879
=966  \\$aprimo

