=LDR  00356arm  2200145u  4500
=001  995874880102311
=005  20000601093500.0
=008  900101s1961\\\\nyu\\\\\\\\\\\\\\\\\engsd
=035  \\$a(TU)000587488UTK01
=035  9\$a618210
=099  \\$aEM82n
=100  \\$aMoore.
=245  14$aThe night before Christmas
=260  \\$aNY$c1961
=852  1\$822200762530002311$bH$cJUV$hFM82n

