=LDR  01738cga  2200385   4500
=001  996370830102311
=005  20150603224807.0
=007  vf\cbahou
=008  840529s1981\\\\nju147\\\\\\\\\\\0vleng\d
=035  \\$a(TU)000637083UTK01
=035  9\$a669865
=035  \\$a(OCoLC)10784600
=040  \\$aUMC$cUMC$dm/c$dTKN
=049  \\$aTKNk
=090  \\$aPN1997$b.M185 1981
=099  \\$aPN1997.M185 1981
=245  00$aMacbeth$h[videorecording] /$cby William Shakespeare ; directed for the stage by Sarah Caldwell ; produced for television by John Goberman and Richmond Crinkley ; directed by Kirk Browning.
=260  \\$aPrinceton, N.J. :$bFilms for the Humanities,$cc1981,
=300  \\$a2 videocassettes (147 min.) :$bsd., col. ;$c1/2 in.
=538  \\$aVHS.
=500  \\$aA television production of the Lincoln Center Theater Company and Lincoln Center for the Performing Arts, Inc.
=500  \\$aA dramatization of William Shakespeare's play entitled Macbeth.
=508  \\$aCamera, Nick Hutak, Les Leibowitz, Jay Millard, Jake Ostroff, Steve Zinn ; music supervisor, composer and conductor, Edward Barnes.
=511  1\$aPhilip Anglim, Maureen Anderman, J. Kenneth Campbell, Fritz Sperberg, John Vickery, The Lincoln Center Theater Company.
=600  10$aShakespeare, William,$d1564-1616$xRadio and television plays.
=650  \0$aTelevision plays.
=650  \0$aFeature films.
=700  1\$aCrinkley, Richmond.
=700  1\$aGoberman, John.
=700  1\$aBrowning, Kirk,$d1921-
=700  1\$aCaldwell, Sarah,$d1928-
=700  1\$aShakespeare, William,$d1564-1616.$tMacbeth.
=710  2\$aLincoln Center Theater Company.
=710  2\$aFilms for the Humanities (Firm)
=852  0\$822250969760002311$bH$cVIDE2$h PN1997$i .M185 1981

