=LDR  00953agm  2200277u  4500
=001  996099110102311
=005  20150603224203.0
=007  mr\caaud\\\\\\\\\\\\\\\
=008  790516u1975\\\\mdu038uf\\\\\\\\\0mueng\d
=035  \\$a(TU)000609911UTK01
=035  9\$a641691
=035  \\$a(OCoLC)04969187
=040  \\$aOCM$cOCM$dMNM$dOCL$dTKN
=049  \\$aTKNk
=090  \\$aRC385$b.D7x
=090  \\$aRC394.T37$bD7
=099  \\$aRC394.T37D7
=245  00$aDrug induced extrapyramidal reactions.$h[motion picture].
=260  \\$aBaltimore, MD :$bAyd Medical Communications,$c[1975?]
=300  \\$a1 film, 38 min. :$bsd.,col. ;$c16mm.
=520  \\$aDeals with patients with neuroleptic-induced extrapyramidal reactions. Compares patients with tardive dyskinesia to those with L-dopa induced dyskinesia.
=650  \0$aTardive dyskinesia.
=650  \0$aMovement disorders.
=650  \0$aExtrapyramidal tracts.
=710  2\$aAyd Medical Communications.
=966  \\$aprimo

