=LDR  01765ngm  2200301u  4500
=001  996278940102311
=005  20150603224537.0
=008  790308s1977\\\\tnu840uf\\\\\\\\\0vleng\d
=035  \\$a(TU)000627894UTK01
=035  9\$a660539
=035  \\$a(OCoLC)04726852
=040  \\$aTMN$cTMN$dTKN
=049  \\$aTKNN
=090  \\$aHV742.T2$bV3
=245  00$aVantage point$h[videorecording] /$cUniversity of Tennessee Research Corp.
=260  \\$aKnoxville :$bUniversity of Tennessee,$cc1977.
=300  \\$a7 cases in 14 DVD cases ;$bdigital ;$c4 3/4 in.
=500  \\$aReproduction from U-matic.
=538  \\$aDVD
=505  0\$aCase no.1. The "P" family: child neglect in multi-problem family of the working poor.- Case no.2. The "Y" family: child abuse/neglect in a single parent family.- Case no.3. The "K" family: child neglect in a family in the midst of crisis.- Case no.4. The "L" family: child neglect in a deteriorating young family.- Case no.5. The "J" family: cronic child neglect in multi-problem family of Appalachian background.- Case no.6. The "E" family: child neglect in a single parent family.- Case no.7. The "S" family: chronic child neglect in disorganized family, involving alcoholism.
=508  \\$aProject director: Thomas Cruthirds.
=520  \\$aA series of training materials designed for persons preparing for, or already engaged in, careers in child welfare services. Composed of unrehearsed, original scene videotapes of child welfare workers engaged in casework interviews with their clients.
=650  \0$aSocial case work.
=650  \0$aCounseling.
=650  \0$aSocial workers$xIn-service training.
=650  \0$aChild welfare.
=710  1\$aTennessee. University. Research Corporation.
=852  0\$822250883630002311$bH$cDVD$h HV742.T2$i V3

