=LDR  01246agm  2200325u  4500
=001  995808990102311
=005  20150603223522.0
=007  vfrcnaho\
=008  840116s1983\\\\nyu111ug\\\\\\\\\0vleng\d
=035  \\$a(TU)000580899UTK01
=035  9\$a611137
=035  \\$a(OCoLC)10306189
=040  \\$aUAP$cUAP$dTKN
=049  \\$aTKNk
=090  \\$aML421.W5$bK5
=099  \\$aML421.W5K5
=245  04$aThe kids are alright$h[videorecording] /$cWho Films Ltd.
=260  \\$aNew York :$bThorn EMI Video,$c[1983?].
=300  \\$a1 videocassette (111 min.) :$bsd., col. ;$c1/2 in.
=500  \\$aVHS format.
=500  \\$a"TVF 1082"
=500  \\$aVideorecording of the 1979 motion picture.
=508  \\$aExecutive producer, Sidney Rose ; producers, Tony Klinger, Bill Curbishley ; director, Jeff Stein ; writers, Jeff Stein, Tony Klinger.
=511  1\$aThe Who.
=520  \\$aA docu-history of The Who. Features live performances, taped interviews, television appearances from the mid-'60s to the late '70s, and rare promotional films of some of The Who's most popular songs.
=650  \0$aRock music.
=710  2\$aWho (Musical group)
=710  2\$aWho Films Ltd.
=710  2\$aThorn EMI Video (Firm)
=852  0\$822189578040002311$bH$cVHS$hML421.W5$iK5

