=LDR  01583agm  2200361u  4500
=001  995830320102311
=005  20150603223559.0
=007  mrucaaad\\\\\\\\\\\\\\\
=008  830706s1982\\\\ilu027\e\\\\\\\\\0mleng\c
=010  \\$a82700765 /F
=020  \\$cFor sale ( 495.00) or rent ( 70.00)
=035  \\$a(TU)000583032UTK01
=035  9\$a613435
=035  \\$a(OCoLC)09943577
=040  \\$aCINE$cDLC$dTKN
=049  \\$aTKNk
=050  \\$aHV5824.Y68
=090  \\$aHV5824.Y68$bE7
=099  \\$aHV5824.Y68E7
=245  00$aEpidemic! kids, drugs, and alcohol$h[motion picture] /$cGannett Broadcasting Group ; producers, Collin Siedor, Steve Byerly ; writer, Collin Siedor.
=260  \\$aNorthbrook, IL :$bMTI Teleprograms,$c1982.
=300  \\$a1 film reel (27 min.) :$bsd., col. ;$c16 mm. +$e1 study guide + 1 wall poster + 4 duplicating masters.
=500  \\$aTitle from data sheet.
=500  \\$aIntended audience: Young people and adults.
=500  \\$aIssued also as videorecording.
=508  \\$aCamera, editor, Steve Byerly.
=520  \\$aExplores the reasons for the prevailing abuse of alcohol and drugs by young people, including the influence of the media, music, and peers on the attitudes of youth. Presents medical information about the damaging physical effects of substance abuse, focusing especially on marijuana usage. Examines the impact of substance abuse on driving.
=650  \0$aYouth$xDrug use.
=650  \0$aMarijuana.
=650  \0$aDrugs$xPhysiological effect.
=710  2\$aGannett Broadcasting Group.
=710  2\$aMTI Teleprograms Inc.
=966  \\$aprimo

