=LDR  01272agm  2200325u  4500
=001  995969330102311
=005  20150603223917.0
=007  vf-bnahr\
=008  840410s1977\\\\tnu049u\\\\\\\\\\0vleng\d
=035  \\$a(TU)000596933UTK01
=035  9\$a628126
=035  \\$a(OCoLC)10612888
=040  \\$aTKN$cTKN
=043  \\$an-usa---$an-usu--
=049  \\$atknk
=090  \\$aM1629$b.N5
=099  \\$aM1629.N5
=245  00$aNimrod Workman.$h[videorecording] /$cPaul Congo and Jackie Wright.
=260  \\$aJohnson City, Tenn. :$bBroadside Press,$c1977.
=300  \\$a1 cassette, 49 min. :$bsd., b&w ;$c3/4 in.
=440  \0$aSouthern Appalachian video ethnography series
=500  \\$aU standard.
=520  \\$a79 year old Nimrod Workman's music is very much reflective of his experiences, and in this tape he moves from anecdotes to songs and back again without any sense of self-consciousness or artificiality. Topics covered include coal-mining, the union struggle, black lung, herb gathering and the Hatfield-McCoy feud.
=650  \0$aFolk songs, English$zAppalachian Region, Southern.
=650  \0$aBallads, English$zSouthern States.
=700  1\$aWorkman, Nimrod.
=700  1\$aCongo, Paul.
=700  1\$aWright, Jackie.
=710  2\$aBroadside Press.
=966  \\$aprimo

