=LDR  01394cgm  2200337u  4500
=001  996413290102311
=005  20150603224934.0
=007  vfrcnaho\
=008  840604s1984\\\\miu073u\\\\\\\\\\0vleng\d
=035  \\$a(TU)000641329UTK01
=035  9\$a674206
=035  \\$a(OCoLC)10804411
=040  \\$aFPL$cFPL$dTKN
=049  \\$aTKNk
=090  \\$aM1630.18$b.H446
=099  \\$aM1630.18.H446
=245  00$aHerbie Hancock and the Rockit Band$h[videorecording] /$cMedia Lab Ltd.
=260  \\$aFarmington Hills, MI :$bCBS/FOX Video,$c1984.
=300  \\$a1 videocassette (73 min.) :$bsd., col., stereo. ;$c1/2 in.
=500  \\$aVHS format.
=500  \\$a"VHS 6619"
=500  \\$aPerformed live at the Hammersmith Odeon and Camden Palace in London, England.
=508  \\$aDirector, Ken O'Neil ; producer, Lexy Godfrey ; executive producer, David Rubinson.
=511  1\$aHerbie Hancock, The Rockit Band: D.ST., Bernard Fowler, Wayne Brathwaite, Anton Fier, J.T. Lewis, Jeff Boyd.
=520  \\$aA multi-media presentation featuring robots, break dancers, and a spectacular light show that adds up to a visual extravaganza. As an extra bonus, the award winning music videos "Rockit" and "Autodrive."
=650  \0$aConcerts.
=650  \0$aRock music.
=700  1\$aHancock, Herbie,$d1940-
=710  2\$aMedia Lab Ltd.
=710  2\$aCBS Fox Video.
=852  0\$822168958500002311$bH$cVHS$hM1630.18$i.H446

