=LDR  00341arm  2200145u  4500
=001  995681520102311
=005  19970222000000.0
=008  \\\\\\s2000\\\\\\\\\\\\\\\\\\000\\\eng\d
=035  \\$a(TU)000568152UTK01
=035  9\$a597338
=099  \\$a811F455p
=100  \\$aField.
=245  10$aPoems
=260  \\$aNY$c1957
=852  1\$822222392820002311$bH$cJUV$h811F455p

