=LDR  01227agm  2200289u  4500
=001  996091890102311
=005  20150603224203.0
=007  ssucnbfj-----\
=008  840413s1983\\\\nju---u\z\\\\\\\\0sneng\d
=035  \\$a(TU)000609189UTK01
=035  9\$a640934
=035  \\$a(OCoLC)10626992
=040  \\$aMFM$cMFM$dTKN
=049  \\$aTKN5
=090  \\$aSF914$b.D5757
=099  \\$aSF914.D5757
=245  00$aDissociative anesthesia.$h[slide] /$cC. E. Short, R. R. Paddleford.
=260  \\$a[Washington Crossing, NJ :$bPitman-Moore,$c1983]
=300  \\$a25 slides :$bcol. ;$c5 x 5 cm.$e& 1 sound cassette (30? min.)
=500  \\$aProduced in cooperation with the Department of Clinical Sciences, College of Veterinary Medicine, Colorado State University, Fort Collins, Colorado.
=520  \\$aFor a better understanding of dissociative anesthetic agents, this program discusses the pharmacology, the physiology responses, indication for use, dosage, counterindication, recovery responses of these agents.
=650  \0$aVeterinary anesthesia.
=700  1\$aShort, Charles E.
=700  1\$aPaddleford, Robert R.
=710  2\$aColorado State University.$bDepartment of Clinical Sciences.
=710  2\$aPitman-Moore, Inc.
=966  \\$aprimo

