=LDR  00954cgm  2200277u  4500
=001  996407220102311
=004  000640722
=005  20150603224854.0
=007  vf\caaho\
=008  791107s1975\\\\ilu\\\ue\\\\\\\\\0vleng\d
=035  \\$a(TU)000640722UTK01
=035  9\$a673593
=035  \\$a(OCoLC)05662843
=040  \\$aTHC$cTHC$dm.c.$dTKN
=049  \\$aTKNN
=090  \\$aPQ2617.O6$b.N713
=245  04$aThe new tenant /$h[videorecording]
=260  \\$aChicago :$bEncyclopaedia Britannica Educational Corp.,$c1975.
=300  \\$a1 cassette, 31 min. :$bsd.,col. ;$c1/2 in.$e& guide.
=490  0\$aShort play showcase
=508  \\$aDirector, Larry Yust.
=511  0\$aPaul Schumacher, Eve McVeagh, Carl Byrd, John Crawford.
=520  \\$aPresents an adaptation of the Ionesco play about a man moving into a room in a city.
=650  \0$aShort films.
=700  1\$aIonesco, Eugène.$tNouveau locataire.
=710  2\$aEncyclopaedia Britannica Educational Corporation.

