=LDR  00952agm  2200253u  4500
=001  995707870102311
=005  20150603223315.0
=007  mrrcaaad\\\\\\\\\\\\\\\
=008  831005s1978\\\\xx\028u\\\\\\\\\\0mleng\d
=035  \\$a(TU)000570787UTK01
=035  9\$a600305
=035  \\$a(OCoLC)09982264
=040  \\$aTKN$cTKN
=049  \\$atknk
=090  \\$aTN145$b.O85
=099  \\$aTN145.O85
=245  00$aOur mineral world$h[motion picture].
=260  \\$aHaymarket, Va. :$bEducational Media International,$c1978.
=300  \\$a1 film reel (28 min.) :$bsd., col. ;$c16 mm.
=500  \\$aCataloging information taken from container.
=520  \\$aTopics included are : where minerals are found, modern techniques of exploration, how minerals formed in the earth, interdependence of mining and using countries, conserving our diminishing mineral resources.
=650  \0$aMines and mineral resources.
=710  2\$aEducational Media International.
=966  \\$aprimo

