=LDR  00806agm  2200265u  4500
=001  995969470102311
=005  20150603223901.0
=007  vf\ccahru
=008  840410q19801984xx\058u\\\\\\\\\\0vleng\d
=035  \\$a(TU)000596947UTK01
=035  9\$a628140
=035  \\$a(OCoLC)10613988
=040  \\$aTKN$cTKN
=049  \\$atknk
=090  \\$aHQ1426$b.G37
=099  \\$aHQ1426.G37
=245  00$aGenuine risk$h[videorecording] /$cby Martha Lee Osborne ; adapted and directed by Faye D. Julian.
=260  \\$c198-
=300  \\$a1 videocassette (ca. 58 min.) :$bsd., col. ;$c3/4 in.
=538  \\$aU-matic.
=520  \\$aA dramatization of women's role in society.
=650  \0$aFeminism$zUnited States.
=700  1\$aOsborne, Martha Lee,$d1928-
=852  0\$822145796940002311$bSC$cARVIS$hHQ1426$i.G37
=966  \\$aprimo

