=LDR  00337arm  2200133u  4500
=001  995875320102311
=005  19970222000000.0
=008  \\\\\\s2000\\\\\\\\\\\\\\\\\\000\\\eng\d
=035  \\$a(TU)000587532UTK01
=035  9\$a618254
=099  \\$aEM918ru
=245  10$aStardust Mother Goose
=260  \\$aNorwalk$c1968
=852  1\$822200790910002311$bH$cJUV$hFM918ru

