=LDR  01187agm  2200301u  4500
=001  995750520102311
=005  20150603223413.0
=007  mrrcaaad\\\\\\\\\\\\\\\
=008  840127s1983\\\\dcu023u\r\\\\\\\\0mleng\d
=035  \\$a(TU)000575052UTK01
=035  9\$a604940
=035  \\$a(OCoLC)10344574
=040  \\$aTKN$cTKN
=049  \\$atknk
=090  \\$aQE711.2$b.F6 1983
=099  \\$aQE711.2.F6 1983
=245  00$aFossils, clues to the past$h[motion picture] /$cNational Geographic Society.
=260  \\$aWashington, D.C. :$bNational Geographic Society, Educational Services,$cc1983.
=300  \\$a1 film reel :$bsd., col. ;$c16 mm.
=500  \\$aIntended audience: Grades 7-12 and adults.
=500  \\$aIssued also as videorecording.
=520  \\$aDr. Donald C. Johanson discusses what a fossil is and some of the ways in which they are formed. He also discusses what fossils reveal and how scientists determine their age.
=650  \0$aPaleontology.
=700  1\$aJohanson, Donald C.
=710  2\$aNational Geographic Society (U.S.)
=710  2\$aNational Geographic Society (U.S.).$bEducational Services.
=852  0\$822175966330002311$bST$cFILM$hQE711.2$i.F6 1983
=966  \\$aprimo

