=LDR  01439cgm  2200397Ia 4500
=001  996404980102311
=005  20150603224849.0
=007  vf\cbaho|
=008  880712s1976\\\\nyu095\e\\\\\\\\\\vleng\d
=035  \\$a(TU)000640498UTK01
=035  9\$a673365
=035  \\$a(OCoLC)18204237
=040  \\$aJAM$cJAM$dOCL$dOCLCQ
=049  \\$aTKNN
=090  \\$aPQ2082.C3$bE5 1976
=245  00$aCandide$h[videorecording] /$cBBC-TV and Time-Life Films.
=260  \\$a[New York] :$bTime-Life Multimedia,$c[1976?]
=300  \\$a1 videodisc (95 min.) :$bdigital ;$c4 3/4 in.
=440  \0$aClassic theatre
=500  \\$aTitle from data sheet.
=500  \\$aCopied from U-matic.
=511  1\$aFrank Finley, Ian Olgilvy, Angela Richardson.
=508  \\$aTranslated, dramatized, and directed by James MacTaggart; producer, Cedric Messina.
=520  \\$aA dramatization of Voltaire's novel of the same title, about a simple, optimistic man whose journeys take him from one disaster to another.
=538  \\$aDVD
=650  \0$aFeature films.
=700  1\$aFinlay, Frank,$d1926-
=700  1\$aOlgilvy, Ian.
=700  1\$aRichardson, Angela.
=700  1\$aMessina, Cedric.
=700  1\$aMacTaggart, James,$d1928-1974.
=700  1\$aVoltaire,$d1694-1778.$tCandide.
=710  2\$aBritish Broadcasting Corporation.$bTelevision Service.
=710  2\$aTime-Life Films.
=852  0\$822250885180002311$bH$cDVD$h PQ2082 .C3$i E5 1976
=994  \\$aC0$bTKN

