=LDR  00839agm  2200265u  4500
=001  996101330102311
=005  20150603224201.0
=007  mrrbb--d\\\\\\\\\\\\\\\
=008  830928s1982\\\\nyu022u\\\\\\\\\\0mleng\d
=035  \\$a(TU)000610133UTK01
=035  9\$a641927
=035  \\$a(OCoLC)09957914
=040  \\$aDGU$cDGU$dTKN
=049  \\$aTKNk
=090  \\$aF199$b.B6
=099  \\$aF199.B6
=245  00$aBonus march 1932$h[motion picture]
=260  \\$aNew York :$bMuseum of Modern Art,$cc1982
=300  \\$a1 reel (22 min.) :$bsilent, b&w ;$c16 mm.
=508  \\$a"Photographed, edited...and restored...by Leo Seltzer; opening montage by Lester Balog."
=610  20$aBonus Expeditionary Forces.
=700  1\$aSeltzer, Leo.
=710  2\$aMuseum of Modern Art (New York, N.Y.)
=852  0\$822213969060002311$bST$cFILM$hF199$i.B6
=966  \\$aprimo

