=LDR  00984agm  2200301u  4500
=001  995941810102311
=005  20150603223839.0
=007  vf\bcahru
=008  841212s1984\\\\tnu008u\\\\\\\\\\0vleng\d
=035  \\$a(TU)000594181UTK01
=035  9\$a625246
=035  \\$a(OCoLC)11482006
=040  \\$aTKN$cTKN
=049  \\$atkn5
=090  \\$aSF831$b.T74
=099  \\$aSF831.T74
=245  00$aThoracic inlet, thoracic trachea, and bronchial collapse$h[videorecording] /$cMichael A. Walker.
=260  \\$aKnoxville, Tenn. :$bCollege of Veterinary Medicine, University of Tennessee,$c1984.
=300  \\$a1 videocassette (8 min.) :$bsi., b&w ;$c3/4 in.
=538  \\$aU-matic.
=500  \\$aTitle on container: Collapsing tracheas & bronchi.
=650  \0$aVeterinary medicine.
=650  \0$aThorax (Zoology)
=650  \0$aBronchi$xDiseases.
=700  1\$aWalker, Michael A.
=740  0\$aCollapsing tracheas & bronchi.
=852  0\$822167425030002311$bSC$cARVIS$hSF831$i.T74
=966  \\$aprimo

