=LDR  01638cgm  2200373u  4500
=001  996224580102311
=005  20150603224420.0
=007  \n\bn\\u\\\\\
=008  810810s1980\\\\enk\\\u\z\\\\\\\\0z\eng\d
=035  \\$a(TU)000622458UTK01
=035  9\$a654746
=035  \\$a(OCoLC)07655576
=040  \\$aLUU$cLUU$dTKN
=049  \\$aTKNd
=090  \\$aE169$b.A5 1980
=245  00$aAmerica 1935-1946$h[microform].
=260  \\$aCambridge, Eng. :$bChadwyck-Healey ;$aTeanceck, N.J. :$bSomerset House,$c1980-
=300  \\$amicrofiches (60 fr.) :$bphotos. ;$c11 x 15 cm.
=500  \\$aSubtitle at top of microfiches : The FSA/OWI photographs.
=500  \\$aCaption title from Index to the microfiche: The Farm Security Administration/Office of War Information photograph collections.
=500  \\$aPhotographs arranged by region and by subject.
=500  \\$aLocation of original photographs: Prints and Photographs Division, Library of Congress, Washington, D.C.
=500  \\$aAccompanied by index: America 1935-1946, index to the microfiche.
=505  0\$aNortheast -- Midwest -- South.
=650  \0$aPhotographs.
=651  \0$aUnited States$vPictorial works.
=651  \0$aUnited States$xRural conditions$vPictorial works.
=710  1\$aUnited States.$bOffice of War Information.
=710  1\$aUnited States.$bFarm Security Administration.
=740  0\$aFSA/OWI photographs.
=740  0\$aFarm Security Administration/Office of War Information photograph collections.
=852  0\$822196478300002311$bST$cMFICH$hE169$i.A5 1980
=866  40$822196478300002311.1$aSouth region
=852  0\$822196478340002311$bST$cINDEX$hE169$i.A5 1980

