=LDR  01120ngm  2200289 a 4500
=001  997740970102311
=005  20150603232230.0
=007  vf\cbaho\
=008  850724s1983\\\\nyu028\\\\\\\\\\\0vleng\d
=035  \\$a(TU)000774097UTK01
=035  9\$a810021
=035  \\$a(OCoLC)12300558
=040  \\$aUMC$cUMC$dm/c$dTKN
=049  \\$aTKNk
=090  \\$aQL737.P9$bG63
=099  \\$aQL737.P9G63
=245  00$aGranby's primates$h[videorecording] :$ba captive life /$cwritten by Sid Rosenzweig ; a film by Steve Holloway.
=260  \\$aNew York :$bFilmakers Library,$cc1983.
=300  \\$a1 videocassette (VHS) (28 min.) :$bsd., col. ;$c1/2 in.
=508  \\$aMusic, Andy Waggoner.
=511  0\$aJeff Kaye.
=520  \\$aAn experiment performed by Granby Zoo in Quebec shows how primates require a stimulating zoo environment to prevent them from becoming bored and withdrawn and that allows them to exhibit a more naturalistic behavior.
=650  \0$aPrimates$xBehavior.
=700  1\$aRosenzweig, Sidney.
=700  1\$aHolloway, Steve.
=710  2\$aFilmakers Library, inc.
=852  0\$822250947320002311$bH$cVIDE2$h QL737.P9$i G63

