=LDR  01288cgm  2200361Ia 4500
=001  997805400102311
=005  20150603232415.0
=007  vf\cbahos
=008  870317s1986\\\\nyu124\e\\\\\\\\\\vlger\d
=020  \\$c69.95
=035  \\$a(TU)000780540UTK01
=035  9\$a816639
=035  \\$a(OCoLC)15324420
=040  \\$aCLE$cCLE$dTKN
=049  \\$aTKN9
=090  \\$aM1500.H3$bG8 1986
=245  00$aJulius Caesar$h[videorecording] /$c[George Frideric Handel].
=260  \\$aNew York, N.Y. :$bView Video,$cc1986.
=300  \\$a1 videocassette (124 min.) :$bsd., col. ;$c1/2 in.
=490  1\$aOpera series
=538  \\$aVHS.
=500  \\$aTitle from cassette label.
=500  \\$a"The Berlin State Opera conducted by Peter Schreier; German version directed by Hans Krenitz."--Container cover.
=511  1\$aCelestina Casapietra, soprano; Theo Adam, bass-baritone.
=520  \\$aOpera, in three acts, centering around Cleopatra's manipulation of Caesar and Ptolemy.
=650  \0$aOperas.
=700  1\$aHandel, George Frideric,$d1685-1759.$tGiulio Cesare.
=700  1\$aCasapietra, Celestina.
=700  1\$aAdam, Theo.
=700  1\$aSchreier, Peter.
=710  2\$aStädtische Oper Berlin.
=830  \0$aOpera series (View Video)
=852  0\$822214220290002311$bH$cVHS$hM1500.H3$iG8 1986

