=LDR  01968cgm  2200457Ia 4500
=001  997922250102311
=005  20150603232647.0
=007  vf-cbahou
=008  930322s1993\\\\vtu060\e\\\\\\\\\\vleng\d
=035  \\$a(TU)000792225UTK01
=035  9\$a828939
=035  \\$a(OCoLC)27772731
=040  \\$aMST$cMST$dXTA$dTKN
=041  \\$aeng$aspa$beng
=043  \\$an-us-ca$an-us-fl$an-us-ny
=049  \\$aTKNN
=090  \\$aF1408$b.A617 pt.10
=099  \\$aF1408.A617 pt.10
=245  04$aThe Americans$h[videorecording] /$ca production of WGBH Boston and Central Television Enterprises for Channel 4, UK ; executive producer Judith Vecchione ; produced & written by Peter Bull & Joseph Tovares.
=260  \\$aSouth Burlington, VT :$bAnnenberg/CPB Collection,$cc1993.
=300  \\$a1 videocassette (60 min.) :$bsd., col. ;$c1/2 in.
=440  \0$aAmericas ;$v10
=500  \\$aTitle on container: The Latin American and Caribbean presence in the U.S.
=500  \\$aIn English and Spanish, with English subtitles and voiceovers.
=500  \\$aVHS format.
=511  0\$aRaul Julia, narrator.
=520  \\$aThis program examines the impact that Hispanics in the United States are having on American society, culture and politics. It looks at three groups: Cuban in Miami, Puerto Ricans in New York City and Chicanos in Southern California.
=650  \0$aHispanic Americans.
=650  \0$aCuban Americans$zFlorida$zMiami.
=650  \0$aPuerto Ricans$zNew York (State)$zNew York.
=650  \0$aMexican Americans$zCalifornia.
=700  1\$aJulia, Raul.
=700  1\$aBull, Peter.
=700  1\$aTovares, Joseph.
=700  1\$aVecchione, Judith.
=710  2\$aWGBH (Television station : Boston, Mass.)
=710  2\$aChannel Four (Great Britain)
=710  2\$aCentral Independent Television.
=730  0\$aAnnenberg/CPB collection.
=740  4\$aThe Latin American and Caribbean presence in the U.S.
=852  0\$822250972740002311$bH$cVIDEO$h F1408$i .A617 pt.10

