=LDR  00991agm  2200277u  4500
=001  998037290102311
=005  20150603232811.0
=008  800522s1980\\\\nyu\\\u\\\\\\\\\\0b\eng\d
=035  \\$a(TU)000803729UTK01
=035  9\$a840778
=035  \\$a(OCoLC)06347943
=040  \\$aMNT$cMNT$dm.c.$dTKN
=041  \\$aeng
=049  \\$aTKNu
=090  \\$aTR504$b.M8
=099  \\$aTR504.M8
=245  00$aMulti-image production packet.
=260  \\$aRochester :$bMotion Picture and Audio-visual Markets Division, Kodak,$cc1980.
=300  \\$a4 books, 11 serials, 10 pamphlets, and 1 projection calculator and seating guide in container (30x23x7 cm.)
=440  \0$aKodak publication ;$vno. S-200
=520  \\$aA select group of data books, pamphlets, and periodicals to help meet the needs of producers of multi-image programs.
=650  \0$aSlides (Photography)
=650  \0$aLantern projection.
=710  2\$aEastman Kodak Company.
=852  0\$822159329050002311$bH$cSTACK$hTR504$i.M8
=966  \\$aprimo

