=LDR  01343cgm  2200349 a 4500
=001  997778880102311
=005  20150603232326.0
=007  vf-cbaho-
=008  880617s1988\\\\vau060\\\\\\\\\\\0vleng\d
=035  \\$a(TU)000777888UTK01
=035  9\$a813916
=035  \\$a(OCoLC)18103147
=040  \\$aJDY$cJDY$dTKN
=049  \\$aTKNk
=090  \\$aHD59$b.I553
=099  \\$aHD59.I553
=245  04$aThe Image makers$h[videorecording] /$cCorporation for Entertainment & Learning.
=260  \\$aAlexandria, VA :$bPBS Video,$cc1988.
=300  \\$a1 videocassette (VHS)(60 min.) :$bsd., col. ;$c1/2 in.
=440  \2$aA Walk through the 20th century with Bill Moyers (Television program)
=500  \\$a"The John D. & Catherine T. MacArthur Foundation Library Video Classics Project"
=500  \\$aVideocassette release of the 1984 production.
=500  \\$aDates vary: on cassette, c1984; publicity material, c1988.
=511  0\$aBill Moyers.
=520  \\$aTraces the development of public relations in changing public images.
=650  \0$aPublic relations.
=650  \0$aPublicity.
=700  1\$aMoyers, Bill D.
=710  2\$aCorporation for Entertainment and Learning.
=710  2\$aPBS Video.
=710  2\$aJohn D. and Catherine T. MacArthur Foundation.$bLibrary Video Classics Project.
=852  0\$822250984110002311$bH$cVIDEO$h HD59$i .I553

