=LDR  01202ngm  2200313Ia 4500
=001  997824140102311
=005  20150603232417.0
=007  vf\cbahou
=008  891213s1989\\\\nyu\\\\e\\\\\\\\\\vleng\d
=035  \\$a(TU)000782414UTK01
=035  9\$a818600
=035  \\$a(OCoLC)20781187
=040  \\$aLDL$cLDL$dTKN
=049  \\$aTKNk
=090  \\$aNA1559.A5$bT3 1989
=245  00$aTadao Ando$h[videorecording] /$cexecutive producer, Peter Brugger ; produced and directed by Michael Blackwood ; a coproduction, Michael Blackwood Productions, Saarländischer Rundfunk.
=260  \\$aNew York, NY :$bM. Blackwood Productions,$cc1989.
=300  \\$a1 videocassette :$bsd., col. ;$c1/2 in.
=590  \\$aVHS CAN NOT BE CIRCULATED THRU INTERLIBRARY LOAN.
=500  \\$aVHS format.
=508  \\$aPhotographer, Mark Trottenberg ; editor, Lynn Piasecker.
=520  \\$aAn exploration of the life and works of the Japanese architect.
=600  10$aAndō, Tadao,$d1941-
=700  1\$aAndō, Tadao,$d1941-
=700  1\$aBlackwood, Michael.
=700  1\$aBrugger, Peter.
=710  2\$aMichael Blackwood Productions.
=710  2\$aSaarländischer Rundfunk.
=852  0\$822250973830002311$bH$cVIDEO$h NA1559.A5$i T3 1989

