=LDR  01614cgm  2200373 a 4500
=001  997984430102311
=005  20150603232720.0
=007  vf-cbahou
=008  860116s1985\\\\wau273\f\\\\\\\\\0vleng\d
=020  \\$cFor sale ( 650.00 : set) ( 250.00 : each segment)
=035  \\$a(TU)000798443UTK01
=035  9\$a835407
=035  \\$a(OCoLC)13029665
=040  \\$aCSA$cCSA$dIBI$dOCL$dTKN
=049  \\$aTKNk
=090  \\$aPN2071.F5$bC6 1985
=099  \\$aPN2071.F5C6 1985
=245  00$aCombat for the stage & screen$h[videorecording] /$cby David L. Boushey.
=260  \\$aSeattle, WA :$bInstructional Media Services Television, University of Washington,$cc1985.
=300  \\$a3 videocassettes (VHS) (ca. 90 min. ea.) :$bsd., col. ;$c1/2 in.
=500  \\$aTitle on container: Combat for stage and screen.
=505  0\$a#1. Medieval weaponry -- #2. Elizabethan weaponry -- #3. Unarmed combat.
=520  \\$aProvides the basis for a ten-week training course in combat techniques. Extensive use of slow motion and stop action allows for careful analysis of movement, emphasizing safety techniques and realism. Introduces fight choreography and a practical notation system.
=650  \0$aStage combat.
=650  \0$aStage fencing.
=700  1\$aBushey, David.
=710  2\$aUniversity of Washington.$bInstructional Media Services Television.
=740  0\$aCombat for the stage and screen.
=740  0\$aCombat for stage and screen
=740  0\$aMedieval weaponry.
=740  0\$aElizabethan weaponry.
=740  0\$aUnarmed combat.
=852  0\$822250970010002311$bH$cVIDE2$h PN2071.F5$i C6 1985
=966  \\$aprimo

