=LDR  01500cgm  2200361 a 4500
=001  997748110102311
=005  20150603232228.0
=007  vf-cbaho-
=008  850923p19841962ilu029\\\\\\\\\\\0vceng\d
=035  \\$a(TU)000774811UTK01
=035  9\$a810745
=035  \\$a(OCoLC)12589330
=040  \\$aFYM$cFYM$dm/c$dTKN
=049  \\$aTKNk
=090  \\$aPA3893.E6$bA7
=092  \\$a170
=099  \\$aPA3893.E6A7
=245  00$aAristotle's ethics$nbook 1$h[videorecording] :$bthe theory of happiness.
=260  \\$a[Chicago, Ill.] :$bEncyclopædia Britannica Educational Corp.$c1984, 1962.
=300  \\$a1 videocassette (29 min.) :$bsd., col. ;$c1/2 in.
=440  \0$aClassical Greece ;$vno. 3
=500  \\$aOriginally issued as a 16 mm. motion picture.
=508  \\$aProducer/director, John Barnes.
=511  0\$aMortimer J. Adler.
=511  0\$aTony Van Bridge.
=520  \\$aLecturer Mortimer J. Adler interprets Aristotle's theory of happiness and draws a parallel between Aristotle's definition of happiness and the meaning implied in the American Declaration of independence. Uses animated drawings done in the style of paintings on Greek vases to illustrate the pursuit of happiness.
=600  00$aAristotle.$tNicomachean ethichs$nBook 1.
=650  \0$aEthics.
=650  \0$aHappiness.
=700  1\$aAdler, Mortimer Jerome,$d1902-
=710  2\$aEncyclopaedia Britannica Educational Corporation.
=740  4\$aThe theory of happiness.
=852  0\$822250974820002311$bH$cVIDEO$h PA3893.E6$i A7

