=LDR  01786ngm  2200445Ia 4500
=001  997884060102311
=005  20150603232517.0
=007  vf-cbahou
=008  930506s1989\\\\scu058\\\\\\\\\\\\vleng\d
=035  \\$a(TU)000788406UTK01
=035  9\$a824895
=035  \\$a(OCoLC)28053948
=040  \\$aTKN$cTKN
=049  \\$aTKN9
=090  \\$aMT1$b.K4 v.14
=099  \\$aMT1.K4 v.14
=245  00$aMusic education support groups$h[videorecording] /$cproducer/director, Steve Folks ; produced for the Office of Instructional Technology, State Dept. of Education by South Carolina ETV.
=260  \\$aColumbia, S.C. :$bS.C. ETV,$cc1989.
=300  \\$a1 videocassette (57:50) :$bsd., col. ;$c1/2 in.
=440  \0$aKey changes : a seminar for music educators ;$v14
=500  \\$aVHS format.
=508  \\$aRobert Jackson, Craig Ness, Brett Raven, cameras ; Elaine Cooper, editor.
=511  0\$aEliza Stockman, Jackie McNeill, Nicholas A. Peck, presenters ; Ray Doughty, series host.
=518  \\$aRecorded October 18, 1989.
=520  \\$aThree presentations about music related associations.
=610  20$aMusic Educators National Conference (U.S.)
=610  20$aSouth Carolina Music Educators National Conference.
=610  20$aAlliance for Arts Education (U.S.)
=610  20$aSouth Carolina Alliance for Arts Education.
=610  20$aNational Association of Music Merchants (U.S.)
=610  20$aNational Association of School Music Dealers (U.S.)
=650  \0$aMusic$xSocieties, etc.
=700  1\$aStockman, Eliza.
=700  1\$aMcNeill, Jackie.
=700  1\$aPeck, Nicholas A.
=700  1\$aDoughty, Charles.
=700  1\$aFolks, Steve.
=710  2\$aSouth Carolina Educational Television Network.
=852  0\$822184127520002311$bH$cVHS$hMT1$i.K4 v.14
=966  \\$aprimo

