=LDR  01042cgm  2200289Ia 4500
=001  997899510102311
=005  20150603232534.0
=007  vf-cbahou
=008  910321s1991\\\\nju---\e\\\\\\\\\\vleng\d
=035  \\$a(TU)000789951UTK01
=035  9\$a826550
=035  \\$a(OCoLC)23276118
=040  \\$aZIH$cZIH$dTKN
=049  \\$aTKN9
=090  \\$aML410.S283$bA75 1991
=099  \\$aML410.S283A75 1991
=245  00$aArnold Schoenberg$h[videorecording] :$bmy evolution.
=260  \\$aPrinceton, N.J. :$bFilms for the Humanities,$c[1991]
=300  \\$a1 videocassette :$bsd., col. ;$c1/2 in.
=500  \\$aVHS format.
=520  \\$aBiographical sketch of Arnold Schoenberg and his contributions to the development of 20th century music.
=600  10$aSchoenberg, Arnold,$d1874-1951.
=650  \0$aMusic$y20th century$xHistory and criticism.
=710  2\$aFilms for the Humanities (Firm)
=740  0\$aArnold Schoenberg my evolution$hvideorecording
=740  0\$aMy evolution$hvideorecording
=852  0\$822176806290002311$bH$cVHS$hML410.S283$iA75 1991

