=LDR  01576cgm  2200361Ia 4500
=001  997952350102311
=005  20150603232637.0
=007  vf\bb\hou
=008  930607s1992\\\\nyu118\\\\\\\\\\\\vleng\d
=035  \\$a(TU)000795235UTK01
=035  9\$a832025
=035  \\$a(OCoLC)28228723
=040  \\$aVMC$cVMC$dOCL$dTKN
=049  \\$aTKNK
=090  \\$aPN1997.A1$bG72 1992
=099  \\$aPN1997.A1G72 1992
=245  00$aCorner in wheat$h[videorecording] :$b& selected Biograph shorts, 1909-1913 /$cD.W. Griffith.
=250  \\$aCollector's ed.
=260  \\$aNew York :$bKino Video,$cc1992.
=300  \\$a1 videocassette (118 min.) :$bsi, b & w ;$c1/2 in.
=500  \\$aTitle on container: D.W. Griffith's Corner in wheat ...
=500  \\$a"The masterworks of D.W. Griffith."
=505  0\$aThose awful hats (1909) -- The sealed room (1909) --Corner in wheat (1909) -- The Unchanging sea (1910) -- His trust (1911) -- The New York hat (1912) -- An unseen enemy (1912) -- The Mothering heart (1913).
=508  \\$aDirected by D.W. Griffith ; photographed by G.W. "Billy" Bitzer ; edited by James Edward Smith ; new musical settings compiled and arranged by Robert Israel.
=511  1\$aFlorence Lawrence, Marion Leonard, Mary Pickford, Lillian Gish, Dorothy Gish.
=538  \\$aVHS format.
=650  \0$aSilent films.
=700  1\$aGriffith, D. W.$q(David Wark),$d1875-1948.
=700  1\$aBitzer, G. W.,$d1872-1944.
=700  1\$aPickford, Mary,$d1892-1979.
=700  1\$aGish, Lillian,$d1893-1993.
=700  1\$aGish, Dorothy.
=740  0\$aD.W. Griffith's Corner in wheat ...

