=LDR  02716ngm  2200541Ia 4500
=001  997857210102311
=005  20150603232450.0
=007  vf-bbahou
=008  911204p19901951nyu045\\\\\\\\\\\\vleng\d
=035  \\$a(TU)000785721UTK01
=035  9\$a822067
=035  \\$a(OCoLC)24888001
=040  \\$aIGA$cIGA$dTKN
=041  \\$aeng$afre$aita$aspa
=049  \\$aTKN9
=090  \\$aM1505.S23$bB5 1990
=092  \\$a782.1$bB585, 1990
=099  \\$aM1505.S23B5 1990
=245  00$aBidú Sayão in opera & song$h[videorecording] /$cproduced by Video Artists International in association with New England Conservatory.
=260  \\$aNew York, NY :$bVideo Artists International,$c1990.
=300  \\$a1 videocassette (ca. 45 min.) :$bsd., b&w ;$c1/2 in.
=440  \0$aVoice of Firestone classic performances
=500  \\$aTitle from cassette label.
=500  \\$aVHS Hi-Fi.
=500  \\$a"69103."
=505  0\$aSi mes vers avaient des ailes / Hahn -- They all dance the samba / Sandoval -- Manon. Gavotte / Massenet -- Long, long ago / Sandoval -- La Violetera / Padilla -- Madama Butterfly. Un del di / Puccini -- El Relicario / Padilla -- Gianni Schicchi. O mio babbino caro / Puccini -- The Slave Market / Sandoval -- I'll follow my secret heart / Coward -- Jewels of the Madonna. Intermezzo / Wolf-Ferrari -- Il Bacio / Arditi.
=511  0\$aBidú Sayão, soprano ; Voice of Firestone Orchestra ; Howard Barlow, conductor.
=518  \\$aOriginally broadcast on the television program Voice of Firestone Nov. 26, 1951, Feb. 4, 1952, and Jan. 22, 1951.
=650  \0$aOperas$vExcerpts.
=650  \0$aSongs (High voice) with orchestra.
=700  1\$aSayão, Bidú.
=700  1\$aBarlow, Howard,$d1892-1972.
=700  1\$aHahn, Reynaldo,$d1875-1947.$tSi mes vers avaient des ailes.
=700  1\$aSandoval, Miguel,$d1903-1953.$tThey all dance the samba.
=700  1\$aMassenet, Jules,$d1842-1912.$tManon.$pObéissons quand leur voix appelle.
=700  1\$aPadilla, José,$d1889-1960.$tVioletera.
=700  1\$aPuccini, Giacomo,$d1858-1924.$tMadama Butterfly.$pUn bel dì, vedremo.
=700  1\$aPuccini, Giacomo,$d1858-1924.$tTrittico.$pGianni Schicchi.$pO mio babbino caro.
=700  1\$aSandoval, Miguel,$d1903-1953.$tSlave market.
=700  1\$aCoward, Noel,$d1899-1973.$tConversation piece.$pI'll follow my secret heart.
=700  1\$aWolf-Ferrari, Ermanno,$d1876-1948.$tGioielli della Madonna.$pIntermezzo.
=700  1\$aArditi, Luigi,$d1822-1903.$tBacio.
=710  2\$aVideo Artists International, Inc.
=710  2\$aNew England Conservatory of Music.
=740  0\$aLong, long ago.
=740  0\$aRelicario.
=852  0\$822179287920002311$bH$cVHS$hM1505.S23$iB5 1990
=966  \\$aprimo

