=LDR  01855cgm  2200505Ia 4500
=001  997881200102311
=005  20150603232520.0
=007  vf-cbahos
=008  920304p19881974gw\102\gz\\\\\\\\\vlger\d
=033  0\$a1974----
=035  \\$a(TU)000788120UTK01
=035  9\$a824598
=035  \\$a(OCoLC)25390871
=040  \\$aPAI$cPAI$dTXX$dOCL$dTKN
=041  \\$ager$beng$geng$gfre
=045  0\$bd1905
=049  \\$aTKN9
=090  \\$aM1500.S87$bS3 1988
=092  \\$a792.542
=099  \\$aM1500.S87S3 1988
=245  00$aSalome$h[videorecording] /$cmusic by Richard Strauss ; based on the play by Oscar Wilde ; German translation by Hedwig Lachmann.
=260  \\$aHamburg :$bDeutsche Grammophon Video,$cp1988, c1974.
=300  \\$a1 videocassette (102 min.) :$bsd., stereo., col. ;$c1/2 in.
=500  \\$aOpera in one act.
=500  \\$aSung in German.
=500  \\$aSoundtrack digitally remastered.
=500  \\$aIncludes English subtitles.
=500  \\$aSynopsis in English and French (14 p.) inserted in container.
=500  \\$aDeutsche Grammophon 072 209-3.
=508  \\$aFritz Buttenstedt, executive producer ; Götz Friedrich, director.
=511  0\$aTeresa Stratas, soprano ; Astrid Varnay, mezzo-soprano ; Hans Beirer, tenor ; Bernd Weikl, baritone ; Wiener Philharmoniker ; Karl Böhm, conductor.
=518  \\$aOriginally produced by Unitel (Munich 1974).
=538  \\$aVHS format.
=600  10$aWilde, Oscar,$d1854-1900$vMusical settings.
=650  \0$aOperas.
=700  1\$aStrauss, Richard,$d1864-1949.$tSalome.
=700  1\$aWilde, Oscar,$d1854-1900.
=700  1\$aStratas, Teresa.
=700  1\$aVarnay, Astrid.
=700  1\$aBeirer, Hans.
=700  1\$aWeikl, Bernd.
=700  1\$aBöhm, Karl,$d1894-
=710  2\$aWiener Staatsoper.
=852  0\$822184118260002311$bH$cVHS$hM1500.S87$iS3 1988
=966  \\$aprimo

