=LDR  01830cgm  2200445Ia 4500
=001  997922160102311
=005  20150603232638.0
=007  vf-cbago-
=008  930317s1993\\\\vtu060\e\\\\\\\\\\vleng\d
=035  \\$a(TU)000792216UTK01
=035  9\$a828930
=035  \\$a(OCoLC)27746912
=040  \\$aMST$cMST$dXTA$dTKN
=041  \\$aeng$aspa$beng
=043  \\$as-ag---$acl-----
=049  \\$aTKNN
=090  \\$aF1408$b.A617 pt.1
=099  \\$aF1408.A617 pt.1
=245  04$aThe Garden of forking paths$h[videorecording] /$ca production of WGBH Boston and Central Television Enterprises for Channel 4, UK ; executive producer, Judith Vecchione ; written and directed by David Ash.
=260  \\$aSouth Burlington, VT :$bAnnenberg/CPB Collection,$cc1993.
=300  \\$a1 videocassette (60 min.) :$bsd., col. ;$c1/2 in.
=440  \0$aAmericas ;$v1
=500  \\$aTitle on container: The garden of forking paths: dilemmas of national development.
=500  \\$aIn English and Spanish, with English subtitles and voiceovers.
=500  \\$aVHS format.
=511  0\$aRaul Julia, narrator.
=520  \\$aThis program focuses on Argentina - its history, politics and government, and economic and social problems and conditions.
=651  \0$aArgentina$xHistory$y20th century.
=651  \0$aArgentina$xPolitics and government.
=651  \0$aArgentina$xSocial conditions.
=651  \0$aLatin America$xSocial conditions.
=700  1\$aJulia, Raul.
=700  1\$aVeccione, Judith.
=700  1\$aAsh, David.
=710  2\$aWGBH (Television station : Boston, Mass.)
=710  2\$aChannel Four (Great Britain)
=710  2\$aCentral Independent Television.
=730  0\$aAnnenberg/CPB collection.
=740  0\$aGarden of forking paths: delimmas of national development.
=852  0\$822250972890002311$bH$cVIDEO$h F1408$i .A617 pt.1

