=LDR  01349ngm  2200337Ia 4500
=001  997836420102311
=005  20150603232448.0
=007  vf-cbahou
=008  930302s1991\\\\nyu028\\\\\\\\\\\\vleng\d
=035  \\$a(TU)000783642UTK01
=035  9\$a819845
=035  \\$a(OCoLC)27651585
=040  \\$aRCE$cRCE$dTKN
=041  \\$aeng$aang
=049  \\$aTKNk
=090  \\$aPR1581$b.G35 1991
=099  \\$aPR1581.G35 1991
=130  0\$aBeowulf.$kSelections.
=245  10$aOld English--Beowulf$h[videorecording] /$cCaritas Productions, Simon Fraser University.
=260  \\$aNew York, N.Y. :$bFilmakers Library,$cc1991.
=300  \\$a1 videocassette (28 min.) :$bsd., col. ;$c1/2 in.
=500  \\$aIntroductory remarks in English; selections from Beowulf in Old English.
=508  \\$aDirector-Producer, Marcus Rogers ; photography, Neil Thompson.
=511  0\$aLecturer-narrator, Joseph E. Gallagher ; cast, Tim Trylinski, Stevo Knauff.
=520  \\$aFollowing a brief history of the development of the English language, selections from Beowulf are dramatically presented as they are recited in Old English.
=538  \\$aVHS format.
=650  \0$aEnglish language$xHistory.
=700  1\$aGallagher, Joe$q(Joseph E.)
=710  2\$aCaritas Productions.
=710  2\$aFilmakers Library, inc.
=852  0\$822250947620002311$bH$cVIDE2$h PR1581$i .G35 1991

