=LDR  01669ngm  2200433Ia 4500
=001  997910380102311
=005  20150603232620.0
=007  vf-bbahou
=008  900209q19801989cau070\\\\\\\\\\\\vleng\d
=035  \\$a(TU)000791038UTK01
=035  9\$a827658
=035  \\$a(OCoLC)21028212
=040  \\$aTHM$cTHM$dTKN
=049  \\$aTKNk
=090  \\$aPN1997$b.A68 1980z
=099  \\$aPN1997.A68 1980z
=245  00$aArbuckle festival$h[videorecording] /$cKeystone Film Company.
=260  \\$aMichigan City, IN :$b[released by] A-1 Video ;$aMinneapolis, MN :$b[distributed by] Festival Films,$c[198-?]
=300  \\$a1 videocassette (ca. 70 min.) :$bsi, b&w ;$c1/2 in.
=500  \\$aVHS format.
=500  \\$aTitle on original container: Fatty Arbuckle festival.
=500  \\$aMusic sound track added.
=505  0\$aFatty's faithful Fido (1915) -- Fatty's tintype tangle (1914) -- Fatty's new role (1915) -- Coney Island (1917).
=520  \\$aCollection of four short silent films starring Fatty Arbuckle. Buster Keaton co-stars in Coney Island.
=650  \0$aComedy films.
=650  \0$aShort films.
=650  \0$aSilent films.
=650  \0$aMotion pictures$xHistory.
=700  1\$aArbuckle, Roscoe,$d1887-1933.
=700  1\$aKeaton, Buster,$d1895-1966.
=710  2\$aKeystone Film Company.
=710  2\$aA-1 Video.
=710  2\$aFestival Films.
=740  0\$aFatty Arbuckle festival$hvideorecording
=740  0\$aFatty's faithful Fido$hvideorecording
=740  0\$aFatty's tintype tangle$hvideorecording
=740  0\$aFatty's new role$hvideorecording
=740  0\$aConey Island$hvideorecording
=852  0\$822250957430002311$bH$cVIDEO$h PN1997$i .A68 1980z

