=LDR  01470cgm  2200361Ia 4500
=001  997910690102311
=005  20150603232604.0
=007  vf\cbahou
=008  920121s1991\\\\dcu019\\r\\\\\\\\\vleng\d
=035  \\$a(TU)000791069UTK01
=035  9\$a827689
=035  \\$a(OCoLC)25137608
=040  \\$aWLL$cWLL$dTXX$dTKN
=049  \\$aTKNk
=090  \\$aKF4755$b.T78 1991
=092  \\$a323.4
=245  00$aTrue colors$h[videorecording]
=260  \\$aNorthbrook, IL. :$bMTI/Film & Video,$c1991
=300  \\$a1 videocassette (ca. 19 min.) :$bsd., col. ; 1/2 in. +$e1 discussion guide.
=500  \\$aVHS format.
=500  \\$a"6745M"
=500  \\$aBroadcast on ABC's PrimeTime Live, Sept. 26, 1991.
=500  \\$aIncludes discussion guide.
=508  \\$aProducer : Mark Lucasiewicz.
=511  0\$aDiane Sawyer
=520  \\$aSince the civil rights movement of the sixties, we've claimed great strides in the fight for equality: laws have been enacted, legal precedents set, and codes enforced. What, in reality, have we accomplished? Diane Sawyer, ABC's PrimeTime host, follows two men, equal in all measurable aspects, except skin color, as they are involved in a variety of situations to test levels of prejudice based on skin color.
=650  \0$aCivil rights.
=650  \0$aAfrican Americans$xCivil rights.
=650  \0$aHuman rights.
=650  \0$aDiscrimination.
=650  \0$aRace discrimination.
=700  1\$aSawyer, Diane,$d1945-
=710  2\$aMTI Film & Video.

