=LDR  00945agm  2200265u  4500
=001  998034100102311
=005  20150603232825.0
=007  mr-caaad\\\\\\\\\\\\\\\
=008  790129u1976\\\\dcu028u\z\\\\\\\\0mleng\d
=035  \\$a(TU)000803410UTK01
=035  9\$a840453
=035  \\$a(OCoLC)04596631
=040  \\$aEYA$cEYA$dm.c.$dOCL$dTKN
=049  \\$aTKNk
=090  \\$aQB981$b.U55
=099  \\$aQB981.U55
=245  00$aUniverse.$h[motion picture] /$cUnited States National Aeronautics and Space Administration.
=260  \\$aWashington :$bThe Administration : distributed by Screenscope,$c1976.
=300  \\$a1 reel, 28 min. :$bsd.,col. ;$c16 mm.
=520  \\$aPresents the wonders of the universe using animation and films of actual space technology.
=650  \0$aCosmogony.
=650  \0$aCosmology.
=710  1\$aUnited States.$bNational Aeronautics and Space Administration.
=852  0\$822159381780002311$bST$cFILM$hQB981$i.U55
=966  \\$aprimo

