=LDR  01126cgm  2200313Ia 4500
=001  997804830102311
=005  20150603232343.0
=007  vf-cbahos
=008  890118s1988\\\\flu054\\\\\\\\\\\\vueng\d
=020  \\$a0897777492
=035  \\$a(TU)000780483UTK01
=035  9\$a816582
=035  \\$a(OCoLC)19033584
=040  \\$aNDM$cNDM$dTKN
=049  \\$aTKN9
=090  \\$aML1311$b.H57 1988
=099  \\$aML1311.H57 1988
=245  04$aThe history of bands in America$h[videorecording]$cDiscovery Productions, Inc.
=260  \\$aBoca Raton, FL :$bSocial Issues Resources Series, Inc.,$c1988.
=300  \\$a2 videocassettes (29,25 mins.) :$bsd.,col. ;$c1/2 in. +$e1 study guide.
=440  \0$aSIRS Music Series.
=500  \\$aVHS format.
=508  \\$aProducer-Director, William Cole Hueter ; host, Paul Anthony McRae, U.S. Marine Band and University of Michigan Band.
=600  10$aSousa, John Philip,$d1854-1932.
=600  10$aGoodman, Benny,$d1909-
=710  2\$aDiscovery Productions, Inc.
=852  0\$822214169410002311$bMUS$cLN$hML1311$i.H57 1988
=852  0\$822214169440002311$bH$cVHS$hML1311$i.H57 1988
=966  \\$aprimo

