=LDR  01992cgm  2200469Ia 4500
=001  997835970102311
=005  20150603232448.0
=007  vf-cbahou
=008  930325p19921991nju068\\\\\\\\\\\\vlfre\d
=035  \\$a(TU)000783597UTK01
=035  9\$a819799
=035  \\$a(OCoLC)27799548
=037  \\$a69068$bVideo Artists International
=040  \\$aIGC$cIGC$dTKN
=041  \\$afre$aita
=049  \\$aTKN9
=090  \\$aM1497.R46$bS435 1992
=099  \\$aM1497.R46S435 1992
=245  00$aRenata Scotto in concert$h[videorecording].
=260  \\$aNew York:$bVideo Artists International,$c1992
=300  \\$a1 videocasstte (68 min.) :$bsd., col.;$c1/2 in.
=500  \\$aVHS format.
=500  \\$aHi-fi.
=500  \\$a"69068."
=511  0\$aRenata Scotto, soprano ; Budapest Symphony Orchestra, Ervin Lukács, conductor.
=518  \\$aTaped at the Franz Liszt Music Academy in Budapest, November 11, 1991.
=520  \\$aFeaturing Berlioz "les nuits d'ete" plus arias by Handel, Mozart, Bizet, Puccini, etc.
=650  \0$aOperas$vExcerpts.
=650  \0$aSongs (High voice) with orchestra.
=700  1\$aScotto, Renata,$d1934-
=700  1\$aLukács, Ervin.
=700  1\$aHandel, George Frideric,$d1685-1759.$tGiulio Cesare.$pPiangerò la sorte mia.
=700  1\$aBerlioz, Hector,$d1803-1869.$tNuits d'été.
=700  1\$aMozart, Wolfgang Amadeus,$d1756-1791.$tClemenza di Tito.$pNon più di fiori.
=700  1\$aMassenet, Jules,$d1842-1912.$tManon.$pAdieu, notre petite table.
=700  1\$aCatalini, Alfredo,$d1854-1893.$tWally.$pEbben? Ne andrò lontana.
=700  1\$aBizet, Georges,$d1838-1875.$tCarmen.$pPrès des remparts de Séville.
=700  1\$aPuccini, Giacomo,$d1858-1924.$tTrittico.$pGianni Schicchi.$pO mio babbino caro.
=700  1\$aCilèa, Francesco,$d1866-1950.$tAdriana Lecouvreur.$pIo son l'umile ancella.
=710  2\$aMagyar Rádió és Televízió Szimfonikus Zenekara.
=852  0\$822146965550002311$bH$cVHS$hM1497.R46$iS435 1992
=966  \\$aprimo

