=LDR  03951ngm  2200673Ia 4500
=001  997828880102311
=005  20150603232405.0
=007  vf-cbahou
=008  910930p19901989nyu090\\\\\\\\\\\\vlspa\d
=033  0\$a19890519$b6563$cB4
=035  \\$a(TU)000782888UTK01
=035  9\$a819080
=035  \\$a(OCoLC)24470154
=037  \\$a69095$bVideo Artists International
=040  \\$aOCJ$cOCJ$dTKN
=041  \\$aspa$acat
=049  \\$aTKN9
=090  \\$aM1619.A63$bV5 1990
=099  \\$aM1619.A63V5 1990
=245  00$aVictoria de los Angeles : the jubilee recital.$h[videorecording]
=260  \\$aNew York, N.Y. :$bVideo Artists International,$c1990.
=300  \\$a1 videocassette (90 min.) :$bsd., col. ;$c1/2 in.
=500  \\$aVHS format.
=505  0\$aConfiado jillguerilla fromAcis y Galate.--Molinillo que moles amores / Del Vado.--Seguidilla dolorosa de una maja enamorada / Mison.--Sequidillas reliosas / Pia.--Alma, sintamos / Esteve.--El Tripili / De Laserna.--La Maja de Goya ; El Majo timido ; Callejeo ; Las currutacas modestas / Granados-Periquet.--El pano moruno ; Seguidilla murciana ; Polo / Falla.--La Mare de Deu ; La ploma de perdiu ; El mariner ; Margarideta / Arr. Garcia Morante.--Damunt de tu nomes les flors / Mompou-Janes.--Cantar del alma / Mompou-de la Cruz.--Romanc de Santa Llucia / Toldra-de Sagarra.--Mentai i farigola / Toldra-Carner.--Barcarola / Albeniz-de Bolanos.--Cuba dentro de un piano / Montsalvatge-Alberti.--Punto de habanera / Montsalvatge-Lujan.--L'Emigrant / Vives-Verdaguer.--La balenguera / Vives-Alcover.--El cant dels ocells / Trad.--Bizet: Sequidille from Carmen.--Clavelitos / Valverde.
=511  0\$aVictoria de los Angeles, soprano; Manual Garcia Morante, piano.
=518  \\$aRecorded on May 19, 1989 at the Palacio de la Musica, Barcelona.
=520  \\$aA 45th anniversary concert held at the Palacia de la Musica in Barcelona by Miss Victoria de los Angeles.
=650  \0$aSongs (High voice) with piano.
=650  \0$aSongs, Spanish.
=650  \0$aSongs, Catalan.
=650  \0$aOperas$vExcerpts.
=700  1\$aAngeles, Victoria de los.
=700  1\$aMorante, Manual Garcia.
=700  1\$aLiteres, Antonio,$dca. 1670-1747.$tAccis y Galatea.$pConfiado gilguerillo.
=700  1\$aVado, Juan del,$dfl. 1635-1675$tMolinillo que mueles amores.
=700  1\$aMisón, Luis,$dd. 1766.$tSeguidilla dolorosa de una maja enamorada.
=700  1\$aPla, José,$d1728-1762.$tSeguidillas religiosas.
=700  1\$aEsteve, Pablo.$tAlma, sintamos.
=700  1\$aLaserna, Blas de$d1731-1816.$tTripili.
=700  1\$aGranados, Enrique,$d1867-1916.$tTonadillas.$pMaja de Goya.
=700  1\$aGranados, Enrique,$d1867-1916.$tTonadillas.$pMajo tímido
=700  1\$aGranados, Enrique,$d1867-1916.$tTonadillas.$pCallejeo
=700  1\$aGranados, Enrique,$d1867-1916.$tCurrutacas modestas.
=700  1\$aFalla, Manuel de,$d1876-1946.$tCanciones populares españoles.$pPaño Moruno.
=700  1\$aFalla, Manuel de,$d1876-1946.$tCanciones populares españolas.$pSeguidilla murciana.
=700  1\$aFalla, Manuel de,$d1876-1946.$tCanciones populares españolas.$pPolo.
=700  1\$aMompou, Federico,$d1893-1987.$tCombat del somni.$pDamunt de tu només les flors.
=700  1\$aMompou, Federico,$d1893-1987.$tCantar del alma.
=700  1\$aToldrà, Eduardo.$tRomanç de Santa Llúcia.
=700  1\$aToldrà, Eduardo.$tMenta i farigola.
=700  1\$aAlbéniz, Isaac,$d1860-1909.$tBarcarola.
=700  1\$aMontsalvatge, Xavier,$d1912-$tCuba dentro de un piano.
=700  1\$aMontsalvatge, Xavier,$d1912-$tCanciones negras.$pPunto de habañera.
=700  1\$aVives, Amadeo,$d1871-1932.$tEmigrant.
=700  1\$aVives, Amadeo,$d1871-1932.$tBalenguera.
=700  1\$aBizet, Georges,$d1838-1875.$tCarmen.$pPrès des remparts de Séville.
=700  1\$aValverde, Joaquín,$d1846-1910.$tClavelitos.
=852  0\$822155249930002311$bH$cVHS$hM1619.A63$iV5 1990
=966  \\$aprimo

