=LDR  01258ngm  2200361Ia 4500
=001  997927440102311
=005  20150603232621.0
=007  vf-cbahou
=008  930609s1993\\\\xx\058\\\\\\\\\\\\vleng\d
=035  \\$a(TU)000792744UTK01
=035  9\$a829464
=035  \\$a(OCoLC)28237169
=040  \\$aTKN$cTKN
=049  \\$aTKNK
=090  \\$aNA737.G44$bC5 1993
=099  \\$aNA737.G44C5 1993
=245  00$aCharlie Rose$h[videorecording] :$bshow no. 3003 /$cThirteen/WNET ; Jerry Kupcinet, director.
=260  \\$a[S.l. :$bInfosource],$c1993.
=300  \\$a1 videocassette (58 min.) :$bsd., col. ;$c1/2 in.
=500  \\$aTitle on cassette label: Gehry & Arnold.
=511  0\$aCharlie Rose, interviewer.
=518  \\$aBroadcast Jan. 6, 1993.
=520  \\$aCharlie Rose interviews Los Angeles architect Frank Gehry and comedians Roseanne and Tom Arnold.
=600  10$aGehry, Frank O.,$d1929-
=600  00$aRoseanne,$d1952-.
=600  10$aArnold, Tom.
=650  \0$aArchitecture$zUnited States$xHistory$y20th century.
=650  \0$aComedians$zUnited States.
=700  1\$aRose, Charlie.
=710  2\$aWNET (Television station : New York, N.Y.)
=740  0\$aGehry & Arnold.
=852  0\$822250975410002311$bH$cVIDE2$h NA737.G44$i C5 1993
=966  \\$aprimo

