=LDR  01105ngm  2200277Ia 4500
=001  997906980102311
=005  20150603232545.0
=007  vf-cbahou
=008  930526q19801989xx\019\\\\\\\\\\\\vleng\d
=035  \\$a(TU)000790698UTK01
=035  9\$a827317
=035  \\$a(OCoLC)28165010
=040  \\$aTKN$cTKN
=049  \\$aTKNK
=090  \\$aN7431$b.R53 1980
=099  \\$aN7431.R53 1980
=245  00$aRhythm and movement in art$h[videorecording] /$ca Paul Burnford production; associate producer, Jack D. Stoops.
=260  \\$aNew York, N.Y. :$bBFA Educational Media,$c[198-?], c1969.
=300  \\$a1 videocassette (19 min.) :$bsd., col. ;$c1/2 in +$estudy guide (1 leaf)
=500  \\$aVHS format.
=520  \\$aDemonstrates the importance of rhythm and movement in art. Points out how rhythm and movement are captured in the arts of painting and sculpture, as well as in nature, architecture, and motion pictures.
=650  \0$aProportion (Art)
=650  \0$aMovement, Aesthetics of.
=700  1\$aBurnford, Paul.
=710  2\$aBFA Educational Media.
=852  0\$822250969660002311$bH$cVIDE2$h N7431$i .R53 1980

