=LDR  01970cgm  2200445Ia 4500
=001  997910580102311
=005  20150603232624.0
=007  vf-cbahou
=008  830317c19821975nju045\e\\\\\\\\\\vleng\d
=035  \\$a(TU)000791058UTK01
=035  9\$a827678
=035  \\$a(OCoLC)09317057
=040  \\$aSFU$cSFU$dINT$dTKN
=049  \\$aTKNK
=090  \\$aPN1997$b.R3 1982
=099  \\$aPN1997.R3 1982
=245  04$aThe Rise of Greek tragedy$h[videorecording] :$bSophocles : Oedipus the king.
=260  \\$aPrinceton, N.J. :$bFilms for the Humanities,$c[1982?], c1975.
=300  \\$a1 cassette (45 min.) :$bsd., col. ;$c1/2 in.
=490  1\$aThe History of the drama ;$v[unit 1]
=500  \\$aVHS format.
=500  \\$aPublisher's no.: FFH 118.
=508  \\$aProducer-director, Harold Mantell ; translators, Michael Mantell, Stephen Mantell ; series editor, Daniel Seltzer ; photographer, Anthony Spalla, music, Bob Dennis.
=511  0\$aVoices, James Mason, Claire Bloom, Ian Richardson, Gary Bond; narrator, Anthony Quayle; performers, Athens Classical Theatre Company.
=520  \\$aA presentation of Sophocles' Oedipus the king, performed in the authentic setting of a fifth-century Greek theater, with the use of masks made after ancient models. Shows how this drama developed from primeval sacrificial ceremonies to Dionysius.
=650  \0$aClassical drama$xHistory and criticism.
=700  0\$aSophocles.$tOedipus Rex$h[Videorecording].
=700  1\$aMantell, Harold.
=700  1\$aSeltzer, Daniel.
=700  1\$aMason, James,$d1909-
=700  1\$aBloom, Claire,$d1931-
=700  1\$aRichardson, Ian.
=700  1\$aBond, Gary.
=700  1\$aQuayle, Anthony,$d1913-
=710  2\$aAthens Classical Theatre Company.
=710  2\$aFilms for the Humanities (Firm)
=740  0\$aOedipus the King$hvideorecording
=830  \0$aHistory of drama.$h[Videorecording] ;$vunit 1.
=852  0\$822250961020002311$bH$cVIDE2$h PN1997$i .R3 1982
=966  \\$aprimo

