=LDR  01562cgm  2200373Ia 4500
=001  997925820102311
=005  20150603232649.0
=007  vf-cbahou
=008  910226r19901985nyu126\g\\\\\\\\\\vljpn\d
=035  \\$a(TU)000792582UTK01
=035  9\$a829301
=035  \\$a(OCoLC)24195537
=040  \\$aVA@$cVA@$dJTZ$dTKN
=041  \\$ajpn$beng
=049  \\$aTKNk
=090  \\$aPN1997$b.Y335 1990
=099  \\$aPN1997.Y335 1990
=245  00$aYari no Gonza$h[videorecording]=$bGonza the spearman /$cKantoku, Shinoda Masahiro ; seisaku Hyōgensha, Shōchiku Eiga.
=260  \\$aNew York, N.Y. :$bKino on Video,$c1990.
=300  \\$a1 videocassette (126 min) (VHS) :$bsd., col. ;$c1/2 in.
=500  \\$aIn Japanese with English subtitles.
=500  \\$aVideocassette release of a 1985 motion picture by Hyogensha Shochiku Co. Ltd.
=500  \\$aBased on the Monzaemon Chikamatsu play.
=508  \\$aProducers, Iwashita Kiyoshi, Wakita Masafumi, Mimochi Masayuki ; script, Taeko Tomioka ; photography, Kazuo Miyagawa ; music, Toru Takemitsu.
=511  1\$aHiromi Go, Shonei Hino, Misako Tanaka, Hideji Otaki, Takashi Tsumura, Kuniko Miyake.
=520  \\$aPresents Hiromi Go as Gonza the brave and handsome Samurai who keeps his promises.
=650  \0$aFeature films.
=700  1\$aShinoda, Masahiro,$d1931-
=700  1\$aChikamatsu, Monzaemon,$d1653-1725.$tYari no Gonza kasane katabira.
=700  1\$aGō, Hiromi.
=710  2\$aShōchiku Eiga.
=740  0\$aGonza the spearman.
=852  0\$822250975160002311$bH$cVIDE2$h PN1997$i .Y335 1990
=966  \\$aprimo

