=LDR  01286ngm  2200361Ia 4500
=001  997829740102311
=005  20150603232429.0
=007  vf-cbahou
=008  920313s1987\\\\nju080\e\\\\\\\\\\vleng\d
=035  \\$a(TU)000782974UTK01
=035  9\$a819169
=035  \\$a(OCoLC)25475882
=040  \\$aWAY$cWAY$dTKN
=049  \\$aTKN9
=090  \\$aML420.C18$bM37 1987
=092  \\$a782.12$bM337
=099  \\$aML420.C18M37 1987
=245  00$aMaria Callas$h[videorecording] :$blife and art /$cEMI Records Ltd.
=260  \\$aW. Long Beach, NJ :$bKultur International Films,$cc1987.
=300  \\$a1 videocassette (80 min.) :$bsd., col. ;$c1/2 in.
=440  \0$aOpera profile
=500  \\$a"1168"
=500  \\$aVHS hi-fi.
=508  \\$aProduced and directed by Alan Lewens and Alistair Mitchell
=520  \\$aA biographical celebration of Maria Callas with interviews of those who knew her, and film clips of her singing selections from "Tosca", "La Traviata", "Norma" and other operas.
=600  10$aCallas, Maria,$d1923-1977.
=650  \0$aSingers$vBiography.
=700  1\$aCallas, Maria,$d1923-1977.
=700  1\$aLewens, Alan.
=700  1\$aMitchell, Alistair.
=710  2\$aKultur International Films.
=852  0\$822155231820002311$bH$cVHS$hML420.C18$iM37 1987
=966  \\$aprimo

