=LDR  01998cgm  2200457Ia 4500
=001  997791710102311
=005  20150603232341.0
=007  vf-bbahou
=008  911108p19901963xx\026\e\\\\\\\\\\vleng\d
=020  \\$a1561959677
=035  \\$a(TU)000779171UTK01
=035  9\$a815252
=035  \\$a(OCoLC)24726977
=040  \\$aCXP$cCXP$dTKN
=041  \\$aeng$aita
=049  \\$aTKN9
=090  \\$aM1505.S98$bP7 1990
=092  0\$a782.1$bP926 ---$220
=099  \\$aM1505.S98P7 1990
=245  00$aPresenting Joan Sutherland$h[videorecording] /$cNew England Conservatory.
=260  \\$aNew York, NY :$bVideo Artists International,$cc1990.
=300  \\$a1 videocassette (26 min.) :$bsd., b&w ;$c1/2 in.
=440  \0$aVoice of Firestone classic performances
=500  \\$aVideocassette release of the original kinescope masters preserved in the archives of New England Conservatory in Boston.
=500  \\$a"69108"
=505  0\$aArtaxerxes. The soldier tir'd / Arne -- Semiramide. Bel raggio lusinghier / Rossini -- La favorita. Ballet music / Donizetti -- La Bohème. Donde lieta uscí / Puccini -- Les Huguenots. O beau pays / Meyerbeer.
=511  0\$aJoan Sutherland, soprano ; Richard Bonynge, conductor.
=520  \\$aTaped performance of soprano opera star, Joan Sutherland. Telecast of April 21, 1963.
=538  \\$aVHS.
=650  \0$aOperas$vExcerpts.
=700  1\$aSutherland, Joan,$d1926-
=700  1\$aBonynge, Richard.
=700  1\$aArne, Thomas Augustine,$d1710-1778.$tArtaxerxes.$pSoldier tir'd.
=700  1\$aRossini, Gioacchino,$d1792-1868.$tSemiramide.$pBel raggio lusinghier.
=700  1\$aDonizetti, Gaetano,$d1797-1848.$tFavorite.$pAirs de danse.
=700  1\$aPuccini, Giacomo,$d1858-1924.$tBohème.$pDonde lieta uscì.
=700  1\$aMeyerbeer, Giacomo,$d1791-1864.$tHuguenots.$pO beau pays.
=710  2\$aNew England Conservatory of Music.
=710  2\$aVideo Artists International.
=852  0\$822159811180002311$bH$cVHS$hM1505.S98$iP7 1990
=966  \\$aprimo

