=LDR  01360ngm  2200349Ia 4500
=001  997884110102311
=005  20150603232518.0
=007  vf-cbahou
=008  930506s1989\\\\scu058\\\\\\\\\\\\vleng\d
=035  \\$a(TU)000788411UTK01
=035  9\$a824900
=035  \\$a(OCoLC)28054115
=040  \\$aTKN$cTKN
=049  \\$aTKN9
=090  \\$aMT1$b.K4 v.6
=099  \\$aMT1.K4 v.6
=245  00$aHistory of popular music$h[videorecording] /$cproducer/director, Steve Folks ; produced for the Office of Instructional Technology, State Dept. of Education by South Carolina ETV.
=260  \\$aColumbia, S.C. :$bS.C. ETV,$cc1989.
=300  \\$a1 videocassette (57:50) :$bsd., col. ;$c1/2 in.
=440  \0$aKey changes : a seminar for music educators ;$v6
=500  \\$aVHS format.
=508  \\$aDon Mills, Tammy Thorpe, Clint Bryson, cameras ; Elaine Cooper, editor.
=511  0\$aRandolph Love, instructor ; Ray Doughty, series host.
=518  \\$aRecorded August 3, 1989.
=520  \\$aRandolph Love discusses the history of popular music since 1900 in the United States.
=650  \0$aPopular music$zUnited States$xHistory and criticism.
=700  1\$aLove, Randolph D.
=700  1\$aDoughty, Ray.
=700  1\$aFolks, Steve.
=710  2\$aSouth Carolina Educational Television Network.
=852  0\$822184050340002311$bH$cVHS$hMT1$i.K4 v.6
=966  \\$aprimo

