=LDR  01946cgm  2200457Ia 4500
=001  997881210102311
=005  20150603232521.0
=007  vf-cbahou
=008  920309s1990\\\\ne\268\\z\\\\\\\\\vlger\d
=035  \\$a(TU)000788121UTK01
=035  9\$a824599
=035  \\$a(OCoLC)25416330
=040  \\$aTNY$cTNY$dTKN
=041  \\$ager$beng
=049  \\$aTKN9
=090  \\$aM1500.W14$bM42 1990
=099  \\$aM1500.W14M42 1990
=245  04$aDie Meistersinger von Nürnberg$h[videorecording] /$cRichard Wagner.
=260  \\$a[Baarn, The Netherlands] :$bPhilips Classics Productions ;$cc1990.
=300  \\$a2 videocassettes (VHS) (268 min.) :$bsd., col. ;$c1/2 in. +$eprogram notes.
=440  \0$aPhilips video classics
=500  \\$aVideocassette release of a recording by Unitel manufactured for and marketed by PolyGram Music Video in 1984.
=500  \\$aSung in German, subtitled in English.
=505  0\$avideocassette 1. Acts 1 & 2 -- videocassette 2. Act 3.
=508  \\$aStaged and directed by Wolfgang Wagner ; video director, Brian Large.
=511  0\$aSiegfried Jerusalem, Walther von Stolzing; Bernd Weikl, Hans Sachs; Hermann Prey, Sixtus Beckmesser; Mari Anne Häggander, Eva; Graham Clark, David; Marga Schiml, Magdalene; Manfred Schenk, Veit Pogner; Chor der Bayreuther Festspiele; Ochester der Bayreuther Festspiele; Horst Stein, conductor.
=650  \0$aOperas.
=700  1\$aWagner, Richard,$d1813-1883.$tMeistersinger von Nürnberg.
=700  1\$aWagner, Wolfgang,$d1919-
=700  1\$aJersalem, Siegfried.
=700  1\$aWeikl, Bernd.
=700  1\$aPrey, Hermann,$d1929-
=700  1\$aSchiml, Marga.
=700  1\$aStein, Horst,$d1928-
=700  1\$aHäggander, Mari Anne.
=700  1\$aClark, Graham.
=700  1\$aSchenk, Manfred,$d1930-
=711  2\$aBayreuther Festspiele.$eChor.
=711  2\$aBayreuther Festspiele.$eOrchester.
=852  0\$822184141300002311$bH$cVHS$hM1500.W14$iM42 1990
=966  \\$aprimo

