=LDR  02175cgm  2200493Ia 4500
=001  997922230102311
=005  20150603232646.0
=007  vf-cbahou
=008  930322s1993\\\\vtu060\e\\\\\\\\\\vleng\d
=035  \\$a(TU)000792223UTK01
=035  9\$a828937
=035  \\$a(OCoLC)27772691
=040  \\$aMST$cMST$dXTA$dTKN
=041  \\$aeng$aspa$beng
=049  \\$aTKNN
=090  \\$aF1408$b.A617 pt.8
=092  \\$a980$bGET
=099  \\$aF1408.A617 pt.8
=245  00$aGet up, stand up$h[videorecording] /$ca production of WGBH Boston and Central Television Enterprises for Channel 4, UK ; executive producer, Judith Vecchione ; written, poduced and directed by Marc DeBeaufort.
=260  \\$aSouth Burlington, VT :$bAnnenberg/CPB Collection,$cc1993.
=300  \\$a1 videocassette (60 min.) :$bsd., col. ;$c1/2 in.
=440  \0$aAmericas ;$v8
=500  \\$aTitle on container: Getup, standup: problems of sovereignty.
=500  \\$aIn English and Spanish, with English subtitles and voiceovers.
=500  \\$aVHS format.
=511  0\$aRaul Julia, narrator.
=520  \\$aThis program focuses on the issue of sovereignty of Caribbean and Latin American nations, looks at Jamaica and Colombia. Examines political, economic and social problems in these countries and the effects of intervention by the United States in their affairs.
=650  \0$aDrug traffic$zColombia.
=651  \0$aJamaica$xPolitics and government.
=651  \0$aJamaica$xForeign relations$zUnited States.
=651  \0$aUnited States$xForeign relations$zJamaica.
=651  \0$aJamaica$xEconomic conditions.
=651  \0$aColombia$xPolitics and government$y1974-
=651  \0$aColombia$xSocial conditions.
=651  \0$aColombia$xForeign relations$zUnited States.
=651  \0$aUnited States$xForeign relations$zColombia.
=700  1\$aJulia, Raul.
=700  1\$aDeBeaufort, Marc.
=710  2\$aWGBH (Television station : Boston, Mass.)
=710  2\$aChannel Four (Great Britain)
=710  2\$aCentral Independent Television.
=730  0\$aAnnenberg/CPB collection.
=740  0\$aGet up, stand up: problems of sovereignty.
=852  0\$822250972970002311$bH$cVIDEO$h F1408$i .A617 pt.8

