=LDR  02005cgm  2200457Ia 4500
=001  997824880102311
=005  20150603232402.0
=007  vf-cbahou
=008  901213s1989\\\\xx\111\gr\\\\\\\\\vlita\d
=035  \\$a(TU)000782488UTK01
=035  9\$a818674
=035  \\$a(OCoLC)22852937
=040  \\$aCXP$cCXP$dFVC$dTKN
=041  \\$aita$aeng$beng$geng
=049  \\$aTKN9
=090  \\$aM1500.P83$bB6 1989
=099  \\$aM1500.P83B6 1989
=245  03$aLa Bohème$h[videorecording] /$cby Giacomo Puccini ; libretto by Giuseppe Giacosa, Luigi Illica ; co-produced by RM Arts and Pioneer LDC in association with RTSI ; producer, Judy Flannery ; general director, Lotfi Mansouri ; stage director, Francesca Zambello ; directed for video by Brian Large.
=260  \\$a[S.l.] :$bHome Vision,$cc1989.
=300  \\$a1 videocassette (111 min.) :$bsd., col. ;$c1/2 in. +$e1 synopsis.
=500  \\$aVHS format.
=500  \\$aSung in Italian with English subtitles.
=508  \\$aCameras, Juan Barrera ... [et al.] ; editor, Alfred Muller.
=511  1\$aMirella Freni, Luciano Pavarotti, Sandra Pacetti, Gino Quilico, Nicolai Ghiaurov.
=511  0\$aPerformed by San Francisco Opera ; San Francisco Opera Orchestra, Tiziano Severini, conductor ; San Francisco Opera Chorus, Ian Robertson, Chorus director.
=520  \\$aPuccini's bittersweet tale of high-spirited bohemians and doomed love.
=650  \0$aOperas.
=650  \0$aCzechs$zFrance$zParis$xHistory$y19th century$vDrama.
=700  1\$aPuccini, Giacomo,$d1858-1924.$tBohème.
=700  1\$aFreni, Mirella,$d1935-
=700  1\$aPavarotti, Luciano.
=700  1\$aSeverini, Tiziano.
=710  2\$aSan Francisco Opera.
=710  2\$aSan Francisco Opera.$bOrchestra.
=710  2\$aSan Francisco Opera.$bChorus.
=710  2\$aRM Arts (Firm)
=710  2\$aLaserdisc Corporation.
=710  2\$aRadio televisione della Svizzera italiana.
=710  2\$aHome Vision (Firm)
=852  0\$822155316030002311$bH$cVHS$hM1500.P83$iB6 1989
=966  \\$aprimo

