=LDR  02155cgm  2200493Ia 4500
=001  997827070102311
=005  20150603232408.0
=007  vf-bbahou
=008  870908s1985\\\\nju066\g\\\\\\\\\\vlfre\d
=020  \\$c39.95
=035  \\$a(TU)000782707UTK01
=035  9\$a818896
=035  \\$a(OCoLC)16652762
=040  \\$aFBR$cFBR$dTKN
=041  \\$afre$aita
=049  \\$aTKN9
=090  \\$aM1505.C22$bM3 1985
=099  \\$aM1505.C22M3 1985
=245  00$aMaria Callas Hamburg concert 1962$h[videorecording] /$cCallas International, B.V.
=260  \\$aWest Long Branch, N.J. :$bKultur International Films,$cc1985.
=300  \\$a1 videocassette (66 min.) :$bsd., b&w ;$c1/2 in.
=500  \\$aVHS format.
=500  \\$a1156.
=505  0\$aCarnaval Romain : Overture / Berlioz -- Le Cid : Pleurez, mes yeux / Massenet -- Carmen : Habanera / Bizet -- Carmen : Seguidilla / Bizet -- Ernani : Ernani, involami.... / Verdi -- Cenerentola : Nacqui all'affanno / Rossini -- Don Carlo : O don fatale / Verdi.
=508  \\$aPhotography, Christian Steiner.
=511  1\$aMaria Callas, soprano ; Sinfonieorchester des NDR ; Georges Prêtre, conductor.
=518  \\$aRecorded in Musikhalle, Hamburg, Germany, March 16, 1962.
=650  \0$aOperas$vExcerpts.
=650  \0$aOvertures.
=700  1\$aCallas, Maria,$d1923-1977.
=700  1\$aBerlioz, Hector,$d1803-1869.$tCarnaval romain.
=700  1\$aMassenet, Jules,$d1842-1912.$tCid.$pPleurez, pleurez, mes yeux.
=700  1\$aBizet, Georges,$d1838-1875.$tCarmen.$pHabanera.
=700  1\$aBizet, Georges,$d1838-1875.$tCarmen.$pPrès des remparts de Séville.
=700  1\$aVerdi, Giuseppe,$d1813-1901.$tErnani.$pErnani, Ernani, involami.
=700  1\$aRossini, Gioacchino,$d1792-1868.$tCenerentola.$pNacqui all'affanno.
=700  1\$aVerdi, Giuseppe,$d1813-1901.$tDon Carlos.$pO don fatal.
=700  1\$aPrêtre, Georges.
=710  2\$aCallas International, B.V.
=710  2\$aKultur International Films.
=710  2\$aNorddeutscher Rundfunk.$bSinfonie-Orchester.
=740  0\$aHamburg concert 1962$hvideorecording.
=852  0\$822155327660002311$bH$cVHS$hM1505.C22$iM3 1985
=966  \\$aprimo

