=LDR  01455ngm  2200373Ia 4500
=001  997884040102311
=005  20150603232516.0
=007  vf-cbahou
=008  890117c19871985nju058\e\\\\\\\\\\vleng\d
=035  \\$a(TU)000788404UTK01
=035  9\$a824893
=035  \\$a(OCoLC)19029995
=040  \\$aTXI$cTXI$dTKN
=043  \\$an-us---
=049  \\$aTKN9
=090  \\$aML410.C756$bA27 1987
=099  \\$aML410.C756A27 1987
=245  00$aAaron Copland$h[videorecording] :$ba self-portrait /$cwritten by Vivian Perlis ; directed by Allan Miller ; producer, Ruth Leon.
=260  \\$aPrinceton, NJ :$bFilms for the Humanities,$cc1985.
=300  \\$a1 videocassette (58 min.) :$bsd., col. ;$c1/2 in.
=440  \0$aBiographies in music
=500  \\$aVHS format.
=500  \\$a"Funding provided by the Corporation for Public Broadcasting and WNET/Channel 13."
=500  \\$a"FFH 989."
=508  \\$aEditor, Girish Bhargava ; camera, Tony Faresta, Walter Edel, Joel Shapiro.
=511  0\$aPhilip Kraus.
=520  \\$aReminiscences by composer Aaron Copland about his musical life. Other musicians and persons in the arts discuss his work and its influence on the American musical scene.
=600  10$aCopland, Aaron,$d1900-
=650  \0$aComposers$zUnited States.
=700  1\$aPerlis, Vivian.
=700  1\$aMiller, Allan.
=700  1\$aLeon, Ruth.
=710  2\$aFilms for the Humanities (Firm)
=852  0\$822184152920002311$bH$cVHS$hML410.C756$iA27 1987

