=LDR  02065cgm  2200493Ia 4500
=001  997922200102311
=005  20150603232645.0
=007  vf-cbahou
=008  930318s1993\\\\vtu060\e\\\\\\\\\\vleng\d
=035  \\$a(TU)000792220UTK01
=035  9\$a828934
=035  \\$a(OCoLC)27752712
=040  \\$aMST$cMST$dXTA$dTKN
=041  \\$aeng$aspa$beng
=043  \\$as-cl---$acl-----
=049  \\$aTKNN
=090  \\$aF1408$b.A617 pt.5
=092  \\$a305.42$bIN
=099  \\$aF1408.A617 pt.5
=245  00$aIn women's hands$h[videorecording] /$ca production of WGBH Boston and Central Television Enterprises for Channel 4, UK ; executive producer, Judith Vecchione ; written, produced and directed by Rachel Field, Juan Mendelbaum.
=260  \\$aSouth Burlington, VT :$bAnnenberg/CPB Collection,$cc1993.
=300  \\$a1 videocassette (60 min.) :$bsd., col. ;$c1/2 in.
=440  \0$aAmericas ;$v5
=500  \\$aTitle on container:In women's hands: the changing roles of women.
=500  \\$aIn English and Spanish, with English subtitles and voiceovers.
=500  \\$aVHS format.
=511  0\$aRaul Julia, narrator.
=520  \\$aThis program focuses on the women of Chile and how political and social changes since the 1970's has changed the traditional role of women. Women have become a new force, changing families, their communities and their country.
=650  \0$aWomen$zChile.
=650  \0$aWomen$xPolitical activity$zChile.
=650  \0$aSex role$zChile.
=651  \0$aChile$xPolitics and government$y1970-1973.
=651  \0$aChile$xPolitics and government$y1973-1988.
=651  \0$aLatin America.
=700  1\$aJulia, Raul.
=700  1\$aVecchione, Judith.
=700  1\$aField, Rachel,$d1894-1942.
=700  1\$aMendelbaum, Juan.
=710  2\$aWGBH (Television station : Boston, Mass.)
=710  2\$aChannel Four (Great Britain)
=710  2\$aCentral Independent Television.
=730  0\$aAnnenberg/CPB collection.
=740  0\$aIn women's hands: the changing roles of women.
=852  0\$822250972800002311$bH$cVIDEO$h F1408$i .A617 pt.5

