=LDR  00899nkm  2200265 a 4500
=001  997885480102311
=005  20150603232545.0
=007  ki\co\
=008  930323s1992\\\\dcu\\\\\\\\\\f\\\\ineng\d
=035  \\$a(TU)000788548UTK01
=035  9\$a825040
=035  \\$a(OCoLC)27781120
=040  \\$aGPO$cGPO$dDLC
=043  \\$an-us---
=049  \\$aTKN8
=074  \\$a0080-H
=086  0\$aA 1.32:F 73/3
=245  00$aFood guide pyramid$h[picture] :$ba guide to daily food choices.
=260  \\$a[Washington, D.C.?] :$bU.S. Dept. of Agriculture, Human Nutrition Information Service,$c[1992]
=300  \\$a1 poster :$bcol. ;$c71 x 53 cm.
=500  \\$a"August 1992."
=500  \\$aShipping list no. 93-0108-P.
=650  \0$aNutrition$zUnited States$vPosters.
=710  1\$aUnited States.$bDepartment of Agriculture.$bHuman Nutrition Information Service.
=852  31$822184121190002311$bAGVET$cSUDOC$hA 1.32:F 73/3

