=LDR  01971cgm  2200433 a 4500
=001  997984400102311
=005  20150603232719.0
=007  vf\cbahou
=008  870724r19871986cau145\\\\\\\\\\\0vlswe\d
=035  \\$a(TU)000798440UTK01
=035  9\$a835404
=035  \\$a(OCoLC)16274727
=040  \\$aOWR$cOWR$dTKN
=041  \\$aswe$beng
=049  \\$aTKNk
=090  \\$aPN1995.9.F67$bS32 1987
=130  0\$aZhertvoprinoshenie (Motion picture)
=245  14$aThe Sacrifice$h[videorecording] /$cSvenska Filminstitutet ; an Orion Classics release.
=260  \\$aBeverly Hills, CA :$bPacific Arts Video,$c[1987]
=300  \\$a1 videocassette (VHS) (145 min.) :$bsd., col. ;$c1/2 in.
=500  \\$aIn Swedish with English subtitles.
=500  \\$aTitle on container: Andrei Tarkovsky's The sacrifice.
=500  \\$aVideocassette release of the 1986 motion picture ; Special Jury Prize, Cannes Film Festival, 1986.
=500  \\$a"PAV 661"
=508  \\$aProduced by Farago Film AB/Katinka Farago and Svenska Filminstitutet/Ana-Lena Wibom ; cinematography by Sven Nykvist ; directed by Andrei Tarkovsky.
=511  1\$aErland Josephson, Susan Fleetwood, Allan Edwall.
=520  \\$aA dark and complex drama about redemption and the nuclear holocaust. When a middle aged intellectual in retirement on an island in the Baltic Seas witnesses signs of what he believes to be a nuclear holocaust, he offers to make the ultimate sacrifice in return for the salvation of mankind.
=650  \0$aFeature films.
=650  \0$aForeign films.
=700  1\$aTarkovskiĭ, Andreĭ Arsenʹevich,$d1932-1986.
=700  1\$aJosephson, Erland,$d1923-
=700  1\$aFleetwood, Susan,$d1944-1995.
=700  1\$aEdwall, Allan,$d1924-
=710  2\$aSvenska filminstitutet.
=710  2\$aOrion Pictures.
=710  2\$aPacific Arts Video.
=740  0\$aAndrei Tarkovsky's The sacrifice$hvideorecording
=852  0\$822250969550002311$bH$cVIDE2$h PN1995.9.F67$i S32 1987
=966  \\$aprimo

