=LDR  01878cgm  2200457Ia 4500
=001  997922220102311
=005  20150603232646.0
=007  vf-cbahou
=008  930318s1993\\\\vtu060\e\\\\\\\\\\vleng\d
=035  \\$a(TU)000792222UTK01
=035  9\$a828936
=035  \\$a(OCoLC)27752801
=040  \\$aMST$cMST$dXTA$dTKN
=041  \\$aeng$apor$aspa$beng
=043  \\$acl-----
=049  \\$aTKNN
=090  \\$aF1408$b.A617 pt.7
=092  \\$a980$bBUI
=099  \\$aF1408.A617 pt.7
=245  00$aBuilders of images$h[videorecording] /$ca production of WGBH Boston and Central Television Enterprises for Channel 4, UK ; executive producer, Judith Vecchione ; written, produced and directed by Juan Mandelbaum.
=260  \\$aSouth Burlington, VT :$bAnnenberg/CPB Collection,$cc1993.
=300  \\$a1 videocassette (60 min.) :$bsd., col. ;$c1/2 in.
=440  \0$aAmericas ;$v7
=500  \\$aTitle on container: Builders of images: Latin American cultural identity.
=500  \\$aIn English, Spanish and Portuguese, with English subtitles and voiceovers.
=500  \\$aVHS format.
=511  0\$aRaul Julia, narrator.
=520  \\$aIn this program, meet artists from Puerto Rico, Brazil, Mexico and Argentina who are creating works that reflect and influence their people's cultural identity.
=650  \0$aLatin American literature.
=650  \0$aArt, Latin American.
=650  \0$aLatin Americans$xEthnic identity.
=651  \0$aLatin America$xCivilization.
=700  1\$aJulia, Raul.
=700  1\$aVecchione, Judith.
=700  1\$aMandelbaum, Juan.
=710  2\$aWGBH (Television station : Boston, Mass.)
=710  2\$aChannel Four (Great Britain)
=710  2\$aCentral Independent Television.
=730  0\$aAnnenberg/CPB collection.
=740  0\$aBuilders of images: Latin American cultural identity.
=852  0\$822250973220002311$bH$cVIDEO$h F1408$i .A617 pt.7

