=LDR  03555cgm  2200613Ia 4500
=001  997794690102311
=005  20150603232337.0
=007  vf-bbaho-
=008  920121p19901952xx\050\e\\\\\\\\\\vleng\d
=020  \\$a1561959812
=035  \\$a(TU)000779469UTK01
=035  9\$a815552
=035  \\$a(OCoLC)25139496
=040  \\$aTXX$cTXX$dOCL$dTKN
=049  \\$aTKN9
=090  \\$aM1505.P4$bR6 1990
=092  \\$a782.1
=099  \\$aM1505.P4R6 1990
=245  00$aRoberta Peters in opera and song$h[videorecording] /$cVideo Artists International, in association with New England Conservatory.
=260  \\$aNew York :$bVideo Artists International,$cc1990.
=300  \\$a1 videocassette (ca. 50 min.) :$bsd., b&w ;$c1/2 in.
=440  \0$aVoice of Firestone classic performances
=500  \\$aVHS hi-fi.
=500  \\$aTitle from cassette label and container.
=500  \\$aProduction coordinator, Allan Altman.
=500  \\$aVideocassette release of the original kinescope masters preserved in the archives of New England Conservatory, Boston, Mass.
=500  \\$a69115
=505  0\$aIf I could tell you / I. Firestone -- Marie Antoinette's song / Arr. Jacobson -- Lo, here the gentle lark / Bishop -- Die Zauberflöte. Der Hölle Rache / Mozart -- The Melba waltz / Arditi -- In my garden / I. Firestone -- Lucia di Lammermoor. Ardon gl'incensi / Donizetti -- Rose Marie. Indian love call / Friml -- The bohemian girl. I dreamt I dwelt in marble halls / Balfe -- La traviata. Sempre libera / Verdi -- If I could tell you -- Dance of the archers / Borodin -- Stranger in paradise / Borodin, Forest, Wright -- Song of India / Rimsky, Korsakov -- Lakmé. Bell song / Delibes -- Love is where you find it / Brown -- In my garden / I. Firestone.
=511  0\$aRoberta Peters, soprano ; Howard Barlow, conductor.
=518  \\$aOriginally broadcast as Voice of Firestone television program on August 4, 1952, Nov. 25, 1957, Nov. 15, 1954, and Sept. 30, 1957.
=650  \0$aOperas$vExcerpts.
=650  \0$aPopular music.
=650  \0$aSongs with orchestra.
=700  1\$aPeters, Roberta.
=700  1\$aBarlow, Howard,$d1892-1972.
=700  1\$aFirestone, Idabelle.$tIf I could tell you.
=700  1\$aJacobson, Myron.$tChanson de Marie Antoinette.
=700  1\$aBishop, Henry R.$q(Henry Rowley),$cSir,$d1786-1855.$tComedy of errors.$pLo! here the gentle lark.
=700  1\$aMozart, Wolfgang Amadeus,$d1756-1791.$tZauberflöte.$pHölle Rache.
=700  1\$aArditi, Luigi,$d1822-1903.$tSe saran rose.
=700  1\$aFirestone, Idabelle.$tIn my garden.
=700  1\$aDonizetti, Gaetano,$d1797-1848.$tLucia di Lammermoor.$pArdon gl'incensi.
=700  1\$aFriml, Rudolf,$d1879-1972.$tRose-Marie.$pIndian love call.
=700  1\$aBalfe, M. W.$q(Michael William),$d1808-1870.$tBohemian girl.$pI dreamt I dwelt in marble halls.
=700  1\$aVerdi, Giuseppe,$d1813-1901.$tTraviata.$pSempre libera.
=700  1\$aBorodin, Aleksandr Porfirʹevich,$d1833-1887.$tKni︠a︡zʹ Igorʹ.$pPolovet︠s︡kai︠a︡ pli︠a︡ska.$kSelections.
=700  1\$aWright, Robert Craig,$d1914-$tKismet.$pStranger in paradise.
=700  1\$aRimsky-Korsakov, Nikolay,$d1844-1908.$tSadko (Opera).$pPesni︠a︡ indiĭskogo gosti︠a︡.
=700  1\$aDelibes, Léo,$d1836-1891.$tLakmé.$pOù va la jeune Indoue?
=700  1\$aBrown, Nacio Herb,$d1896-$tLove is where you find it.
=710  2\$aNew England Conservatory of Music.
=710  2\$aVideo Artists International.
=852  0\$822159835340002311$bH$cVHS$hM1505.P4$iR6 1990
=966  \\$aprimo

