=LDR  01363cgm  2200313Ia 4500
=001  997803020102311
=005  20150603232347.0
=007  vf-cbahou
=008  921014s1980\\\\nyu020\g\\\\\\\\\\vleng\d
=035  \\$a(TU)000780302UTK01
=035  9\$a816399
=035  \\$a(OCoLC)26786447
=040  \\$aAZS$cAZS$dTKN
=049  \\$aTKNk
=090  \\$aPN1997$b.M786 1980
=099  \\$aPN1997.M786 1980
=245  10$aMotherlove$h[videorecording] /$cWomen's Studies, Inc. ; a film by Midge Mackenzie.
=260  \\$aNew York, NY :$bDistributed by Women Make Movies with b&w sequences$c1980.
=300  \\$a1 videocassette (20 min.) :$bsd., col. ;$c1/2 in.
=500  \\$aVHS format.
=500  \\$a"This film was made at the Carpenter Center for the Visual Arts, Harvard University."
=508  \\$aProduction, Carter Brandon, Rob Falk, Suzanne Khuri, Laura Levine ; music, Paul Burdick.
=520  \\$aA personal interpretation of a portion of Tillie Olsen's story, I stand here ironing. A mother's narrative about raising her daughter, Emily, during the Depression Era, and how Emily later becomes a successful stage performer.
=650  \0$aShort films.
=700  1\$aOlsen, Tillie.$tI stand here ironing.
=700  1\$aMackenzie, Midge.
=710  2\$aWomen's Studies, Inc.
=710  2\$aWomen Make Movies (Firm)
=852  0\$822250969920002311$bH$cVIDE2$h PN1997$i .M786 1980

