=LDR  01400ngm  2200361Ia 4500
=001  997884100102311
=005  20150603232518.0
=007  vf-cbahou
=008  930506s1989\\\\scu058\\\\\\\\\\\\vleng\d
=035  \\$a(TU)000788410UTK01
=035  9\$a824899
=035  \\$a(OCoLC)28054095
=040  \\$aTKN$cTKN
=049  \\$aTKN9
=090  \\$aMT1$b.K4 v.2
=099  \\$aMT1.K4 v.2
=245  04$aThe Child's singing voice$h[videorecording] /$cproducer/director, Steve Folks ; produced for the Office of Instructional Technology, State Dept. of Education by South Carolina ETV.
=260  \\$aColumbia, S.C. :$bS.C. ETV,$cc1989.
=300  \\$a1 videocassette (57:50) :$bsd., col. ;$c1/2 in.
=440  \0$aKey changes : a seminar for music educators ;$v2
=500  \\$aVHS format.
=508  \\$aDon Mills, John Gunter, Clint Bryson, cameras ; Elaine Cooper, editor.
=511  0\$aJanet Lynn Roberts, instructor ; Ray Doughty, series host.
=518  \\$aRecorded August 11, 1989.
=520  \\$aJanet Lynn Roberts discusses the instruction of young children in singing.
=650  \0$aSinging$xInstruction and study$vJuvenile.
=650  \0$aSchool music$xInstruction and study.
=700  1\$aRoberts, Janet Lynn.
=700  1\$aDoughty, Ray.
=700  1\$aFolks, Steve.
=710  2\$aSouth Carolina Educational Television Network.
=852  0\$822184080400002311$bH$cVHS$hMT1$i.K4 v.2
=966  \\$aprimo

