=LDR  01302cgm  2200325Ia 4500
=001  997864020102311
=005  20150603232527.0
=007  vf-cbahou
=008  861218s1976\\\\ilu014\\\\\\\\\\\\vueng\d
=035  \\$a(TU)000786402UTK01
=035  9\$a822773
=035  \\$a(OCoLC)14987999
=040  \\$aGPM$cGPM$dm/c$dTKN
=049  \\$aTKNk
=090  \\$aHQ10$b.B4 1976
=099  \\$aHQ10.B4 1976
=245  00$aBehavioral interviewing with couples$h[videorecording] /$cproduced by Behavioral Images with Research Press ; directed and written by Phil Stockton and John Gottman.
=260  \\$aChampaign, Ill. :$bResearch Press,$cc1976.
=300  \\$a1 videocassette (14 min.) :$bsd., col. ;$c1/2 in.
=500  \\$aVHS format.
=508  \\$aCinematographer, Robert Young.
=511  1\$aGloria Dorson, William Kinzer, John Gottman.
=520  \\$aDemonstrates one method for behaviorally interviewing couples during initial counseling. Shows an initial interview in which the behavior of the couple and the clinically experienced therapist are fully observable.
=650  \0$aMarriage counseling.
=700  1\$aStockton, Phil.
=700  1\$aGottman, John.
=710  2\$aBehavioral Images, inc.
=710  2\$aResearch Press Company.
=852  0\$822250975960002311$bH$cVIDE2$h HQ10$i .B4 1976
=966  \\$aprimo

