=LDR  01684cgm  2200445Ia 4500
=001  997807470102311
=005  20150603232423.0
=007  vf-cbahos
=008  920327p19891988xx\152\\\\\\\\\\\\vlfre\d
=020  \\$a0792109988
=035  \\$a(TU)000780747UTK01
=035  9\$a816849
=035  \\$a(OCoLC)25538720
=040  \\$aGSC$cGSC$dTKN
=049  \\$aTKN9
=090  \\$aM1500.M32$bM35 1988
=092  \\$a782.1$bMano
=099  \\$aM1500.M32M35 1988
=245  00$aManon$h[videorecording] /$cNew York City Opera.
=260  \\$a[S.l.] :$bBel Canto/Paramount Home Video,$c1989, c1988.
=300  \\$a1 videocassettes (VHS) (152 min.) :$bsd., col. ;$c1/2 in.
=440  \0$aLincoln Center video
=500  \\$aTitle from container: Massenet's Manon.
=500  \\$aOpera, sung in French with English subtitles.
=500  \\$aLibretto by Henri Meilhac and Philippe Gille.
=500  \\$a12701.
=508  \\$aProduction devised and directed by Tito Capobianco.
=511  0\$aBeverly Sills, soprano ; Henry Price, tenor ; Richard Fredricks, baritone ; Samuel Ramey, bass ; New York City Opera Chorus and Orchestra ; Julius Rudel, conductor.
=518  \\$aTaped during a Live from Lincoln Center broadcast from the New York State Theater, Lincoln Center, Oct. 18, 1977.
=650  \0$aOperas.
=700  1\$aMassenet, Jules,$d1842-1912.$tManon.
=700  1\$aMeilhac, Henri,$d1831-1897.
=700  1\$aGille, Philippe,$d1831-1901.
=700  1\$aSills, Beverly.
=700  1\$aPrice, Henry,$d1945-
=700  1\$aFredricks, Richard,$d1933-
=700  1\$aRamey, Samuel.
=710  2\$aNew York City Opera.
=852  0\$822214186310002311$bH$cVHS$hM1500.M32$iM35 1988
=966  \\$aprimo

