=LDR  01340cgm  2200337Ia 4500
=001  997832000102311
=005  20150603232418.0
=007  vf-cbahou
=008  911004s1989\\\\nbu058\\\\\\\\\\\\vleng\d
=035  \\$a(TU)000783200UTK01
=035  9\$a819396
=035  \\$a(OCoLC)24498700
=040  \\$aCGL$cCGL$dTKN
=049  \\$aTKN9
=090  \\$aML930$b.S69 1989
=099  \\$aML930.S69 1989
=245  00$aSounding brass$h[videorecording] /$cThe Nebraska ETV Network.
=260  \\$aLincoln, Neb. :$bGPN,$cc1989.
=300  \\$a1 videocassette (58 min.) :$bsd., col. ;$c1/2 in.
=500  \\$aVHS format.
=508  \\$aWriter/producer/director, Gene Bunge ; videographer, Ralph Hammack ; editor, Alexander Moscu ; sound recorder, Steve Gottlieb and Wm. A. Cowger.
=511  0\$aEmpire Brass ; Wynton Marsalis Quintet ; Ron Blais & The United States Air Force Band. French horns: William ver Meulen ; Eric Ruske. Organ: John Levick. Trumpts: Aldoph Herseth ; Lew Soloff ; John Henes. s
=650  \0$aBrass instruments.
=650  \0$aBrass instruments$xHistory.
=650  \0$aBrass instruments$xConstruction.
=700  1\$aBlais, Ronald L.
=710  2\$aEmpire Brass (Musical group)
=710  2\$aWynton Marsalis Quintet.
=710  2\$aUnited States Air Force Band.
=852  0\$822146981800002311$bH$cVHS$hML930$i.S69 1989
=966  \\$aprimo

