=LDR  01940cgm  2200481Ia 4500
=001  997922190102311
=005  20150603232644.0
=007  vf-cbahou
=008  930318s1993\\\\vtu060\e\\\\\\\\\\vleng\d
=035  \\$a(TU)000792219UTK01
=035  9\$a828933
=035  \\$a(OCoLC)27752747
=040  \\$aMST$cMST$dXTA$dTKN
=041  \\$aeng$aspa$beng
=043  \\$as-bo---$anwdr---$anwht---
=049  \\$aTKNN
=090  \\$aF1408$b.A617 pt.4
=092  \\$a980$bMIR
=099  \\$aF1408.A617 pt.4
=245  00$aMirrors of the heart$h[videorecording] /$ca production of WGBH Boston and Central Television Enterprises for Channel 4, UK ; executive producer, Judith Vecchione ; written, produced and directed by Lourdes Portillo.
=260  \\$aSouth Burlington, VT :$bAnnenberg/CPB Collection,$cc1993.
=300  \\$a1 videocassette (60 min.) :$bsd., col. ;$c1/2 in.
=440  \0$aAmericas ;$v4
=500  \\$aTitle on container: Mirrors of the heart: race and identity.
=500  \\$aIn English and Spanish, with English subtitles and voiceovers.
=500  \\$aVHS format.
=511  0\$aRaul Julia, narrator.
=520  \\$aThis program focuses on identity, race and ethnicity in three Latin American countries - Bolivia, Dominican Republic and Haiti.
=650  \0$aIndigenous peoples$zBolivia.
=650  \0$aIndians of South America$zBolivia$xRace identity.
=650  \0$aBlacks$xRace identity.
=651  \0$aBolivia$xSocial conditions.
=651  \0$aDominican Republic$xSocial conditions.
=651  \0$aHaiti$xSocial conditions.
=700  1\$aJulia, Raul.
=700  1\$aVecchione, Judith.
=700  1\$aPortillo, Lourdes.
=710  2\$aWGBH (Television station : Boston, Mass.)
=710  2\$aChannel Four (Great Britain)
=710  2\$aCentral Independent Television.
=730  0\$aAnnenberg/CPB collection.
=740  0\$aMirrors of the heart: race and identity.
=852  0\$822250972790002311$bH$cVIDEO$h F1408$i .A617 pt.4

