=LDR  03443cgm  2200613Ia 4500
=001  997858870102311
=005  20150603232439.0
=007  vf-bbahou
=008  920121p19901957nyu050\\\\\\\\\\\\vleng\d
=020  \\$a1561959820
=035  \\$a(TU)000785887UTK01
=035  9\$a822238
=035  \\$a(OCoLC)25139489
=040  \\$aTXX$cTXX$dOCL$dTKN
=041  \\$aeng$afre$aita
=049  \\$aTKN9
=090  \\$aM1505.M447$bR6 1990
=099  \\$aM1505.M447R6 1990
=245  00$aRobert Merrill in opera and song$h[videorecording] /$cVideo Artists International, in association with New England Conservatory.
=260  \\$aNew York :$bVideo Artists International,$cc1990.
=300  \\$a1 videocassette (ca. 50 min.) :$bsd., b&w ;$c1/2 in.
=440  \0$aVoice of Firestone classic performances
=500  \\$aVHS hi-fi.
=500  \\$aTitle from cassette label and container.
=500  \\$aVideocassette release of the original kinescope masters preserved in the archives of New England Conservatory, Boston, Mass.
=500  \\$a69116
=505  0\$aIf I could tell you / I. Firestone -- September song / Weill -- Carmen. Toreador song / Bizet -- The land of smiles. Yours is my heart alone / Lehar -- Il barbiere di Siviglia. Largo al factotum / Rossini -- Mattinata / Leoncavallo -- Torna a Surriento / G.B de Curtis, E. de Curtis -- Cosi Cosà / Jurmann -- Sylvia / Speaks -- Prologue to I pagliacci / Leoncavallo -- A rovin' / Arr. Scott -- Hamlet. Drinking song / Thomas -- I only have eyes for you / Warren -- On the street where you live / Lerner- Loewe -- Il trovatore. Il balen / Verdi -- The red mill. Every day is ladies' day / Herbert -- In my garden / I. Firestone.
=511  0\$aRobert Merrill, baritone ; Howard Barlow, conductor.
=518  \\$aOriginally broadcast as Voice of Firestone television program on Sept. 9, 1957, June 1, 1959, Oct. 3, 1955, June 13, 1955, June 11, 1956, May 20, 1957
=650  \0$aOperas$vExcerpts.
=650  \0$aSongs with orchestra.
=700  1\$aMerrill, Robert,$d1917-
=700  1\$aBarlow, Howard,$d1892-1972.
=700  1\$aFirestone, Idabelle.$tIf I could tell you.
=700  1\$aWeill, Kurt,$d1900-1950.$tKnickerbocker holiday.$pSeptember song.
=700  1\$aBizet, Georges,$d1838-1875.$tCarmen.$pChanson du toréador.
=700  1\$aLehár, Franz,$d1870-1948.$tLand des Lächelns.$pDein ist mein ganzes Herz.
=700  1\$aRossini, Gioacchino,$d1792-1868.$tBarbiere di Siviglia.$pLargo al factotum.
=700  1\$aLeoncavallo, Ruggiero,$d1858-1919.$tMattinata.
=700  1\$aDe Curtis, Ernesto,$d1875-1937.$tTorna a Surriento.
=700  1\$aJurmann, Walter,$d1903-1971.$tEverybody sing.$pCosi cosa.
=700  1\$aSpeaks, Oley,$d1876-1948.$tSylvia.
=700  1\$aLeoncavallo, Ruggiero,$d1858-1919.$tPagliacci.$pPrologo.
=700  1\$aThomas, Ambroise,$d1811-1896.$tHamlet.$pO vin, dissipe la tristesse.
=700  1\$aWarren, Harry,$d1893-$tI only have eyes for you.
=700  1\$aLoewe, Frederick,$d1901-1988.$tMy fair lady.$pOn the street where you live.
=700  1\$aVerdi, Giuseppe,$d1813-1901.$tTrovatore.$pBalen del suo sorriso.
=700  1\$aHerbert, Victor,$d1859-1924.$tRed mill.$pEvery day is ladies' day.
=700  1\$aFirestone, Idabelle.$tIn my garden.
=710  2\$aNew England Conservatory of Music.
=710  2\$aVideo Artists International.
=740  0\$aRovin'.
=852  0\$822179305370002311$bH$cVHS$hM1505.M447$iR6 1990
=966  \\$aprimo

