=LDR  01740cgm  2200385Ia 4500
=001  997926520102311
=005  20150603232622.0
=007  vfucuahou
=008  900214s1983\\\\nyu120\\\\\\\\\\\\vlpor\d
=035  \\$a(TU)000792652UTK01
=035  9\$a829371
=035  \\$a(OCoLC)21062514
=040  \\$aWCM$cWCM$dTKN
=049  \\$aTKNk
=090  \\$aPN1997$b.T45 1983
=099  \\$aPN1997.T45 1983
=245  00$aThey don't wear black tie$h[videorecording]
=260  \\$aNew York, N. Y. :$bNew Yorker Films,$c1983.
=300  \\$a1 videocassette (120 min.) :$bsd., col. ;$c1/2 in.
=500  \\$aVHS format.
=500  \\$aVideocassette release of 1983 motion picture released by Embrafilme.
=500  \\$aIn Portugese ; English subtitles.
=508  \\$aDirector, Leon Hirszman ; story and screenplay, Gianfrancesco Guarnieri and Leon Hirszman ; Cinematography, Lauro Escorel ; music, Radamés Gnatalli, executive producer, Carlos Alberto Diniz.
=511  1\$aFernanda Montenegro, Gianfrancesco Guarnieri, Carlos Alberto Ricelli, Bete Mendes.
=520  \\$aWarm, intimate, family drama that, in the filmmakers words, "deals with the most important of Brazil's problems, the question of democracy." It is the story of the Brazil of the 1980's -- the big cities, the industry, and the individuals who are fighting for social and economic improvement in their country.
=650  \0$aFeature films.
=700  1\$aHirszman, Leon,$d1937-
=700  1\$aGuarnieri, Gianfrancesco.
=700  1\$aDiniz, Carlos Alberto.
=700  1\$aMontenegro, Fernanda.
=700  1\$aMendes, Bete,$d1949-
=710  2\$aNew Yorker Films.
=710  2\$aEmpresa Brasileira de Filmes.
=852  0\$822250972830002311$bH$cVIDEO$h PN1997$i .T45 1983
=966  \\$aprimo

