=LDR  02788cgm  2200517Ka 4500
=001  997859070102311
=005  20150603232445.0
=007  vf-bbahou
=008  910226p19901949nyu050\\\\\\\\\\\\vleng\d
=035  \\$a(TU)000785907UTK01
=035  9\$a822258
=035  \\$a(OCoLC)23158764
=040  \\$aCCO$cCCO$dOCL$dTKN
=041  \\$aeng$afre$aita
=049  \\$aTKN9
=090  \\$aM1505.S742$bE4 1990
=099  \\$aM1505.S742E4 1990
=245  00$aEleanor Steber in opera and song$h[videorecording]
=260  \\$a[New York] :$bVideo Artists International,$cc1990.
=300  \\$a1 videocassette (50 min.) :$bsd., b&w ;$c1/2 in.
=440  \0$aVoice of Firestone classic performances
=500  \\$aVHS (69102)
=505  0\$aOut of my dreams / Rodgers-Hammerstein -- Depuis le jour / Charpentier -- I'm falling in love with someone / Herbert -- Italian street song / Herbert -- A kiss in the dark / Herbert -- September song / Weil -- Dove sono, from Le Nozze di Figaro / Mozart -- Love is where you find it / Brown -- Porgi amor, from Le Nozze di Figaro -- Sweethearts / Herbert -- Pace, pace, mio Dio, from La Forza del destino -- For you alone / Geehl -- So in love / Porter.
=511  1\$aEleanor Steber, soprano; Voice of Firestone Orchestra; Howard Barlow, conductor.
=518  \\$aSelections taken from Voice of Firestone telecasts of Nov. 14, 1949; Sept. 17, 1951; Feb. 18, 1952.
=650  \0$aOperas$vExcerpts.
=650  \0$aSongs (High voice) with orchestra, Arranged.
=700  1\$aSteber, Eleanor.$4prf
=700  1\$aBarlow, Howard,$d1892-1972.$4cnd
=700  1\$aRodgers, Richard,$d1902-$tOklahoma!$pOut of my dreams.
=700  1\$aCharpentier, Gustave,$d1860-1956.$tLouise.$pDepuis le jour où je me suis donnée.
=700  1\$aSpeaks, Oley,$d1876-1948.$tMorning.
=700  1\$aHerbert, Victor,$d1859-1924.$tNaughty Marietta.$pI'm falling in love with someone.
=700  1\$aHerbert, Victor,$d1859-1924.$tNaughty Marietta.$pItalian street song.
=700  1\$aWeill, Kurt,$d1900-1950.$tKnickerbocker holiday.$pSeptember song.
=700  1\$aMozart, Wolfgang Amadeus,$d1756-1791.$tNozze di Figaro.$pDove sono?
=700  1\$aBrown, Nacio Herb,$d1896-$tLove is where you find it.
=700  1\$aMozart, Wolfgang Amadeus,$d1756-1791.$tNozze di Figaro.$pPorgi amor.
=700  1\$aHerbert, Victor,$d1859-1924.$tSweethearts.$pSweethearts.
=700  1\$aHerbert, Victor,$d1859-1924.$tOrange blossoms.$pKiss in the dark.
=700  1\$aVerdi, Giuseppe,$d1813-1901.$tForza del destino.$pPace, pace, mio Dio.
=700  1\$aGeehl, Henry Ernest,$d1881-1925.$tFor you alone.
=700  1\$aPorter, Cole,$d1891-1964.$tKiss me, Kate.$pSo in love.
=710  2\$aVideo Artists International.
=852  0\$822179220230002311$bH$cVHS$hM1505.S742$iE4 1990
=966  \\$aprimo

