=LDR  00969ngm  2200277Ia 4500
=001  997926020102311
=005  20150603232701.0
=007  vf\cbahou
=008  920313s1989\\\\cau012\\\\\\\\\\\\vleng\d
=035  \\$a(TU)000792602UTK01
=035  9\$a829321
=035  \\$a(OCoLC)25471648
=040  \\$aNQA$cNQA$dTKN
=049  \\$aTKNk
=090  \\$aPN4784.T4$bT8 1989
=099  \\$aPN4784.T4T8 1989
=245  00$aTV newsroom : news gathering$h[videorecording] /$cCollege of Communication, Boston University.
=260  \\$aLos Angeles, Ca. :$bFirst Light Video Publishing,$cc1989.
=300  \\$a1 videocassette (12 min.) (VHS) :$bsd., col. ;$c1/2 in.
=440  \0$aMaster classes in the media arts
=520  \\$aTelevision newsroom is shown in its newsgather and planning programs.
=650  \0$aTelevision broadcasting of news.
=650  \0$aNews agencies.
=710  2\$aBoston University.$bCollege of Communication.
=710  2\$aFirst Light Video Publishing.
=966  \\$aprimo

