=LDR  01122cgm  2200313Ia 4500
=001  998039250102311
=005  20150603232805.0
=007  vf-cbahou
=008  920813s1992\\\\cou037\\\\\\\\\\\\vleng\d
=035  \\$a(TU)000803925UTK01
=035  9\$a840982
=035  \\$a(OCoLC)26387395
=040  \\$aTRI$cTRI$dKWW$dTKN
=043  \\$an-us---
=049  \\$aTKNk
=090  \\$aNK4210.S64$bP3 1992
=092  \\$a730.92$220
=099  \\$aNK4210.S64P3 1992
=245  00$aPaul Soldner$h[videorecording] :$bthrown and altered clay : a retrospective.
=260  \\$aAspen, Colo. :$bCrystal Productions,$c1992.
=300  \\$a1 videocassette (37 min.) :$bsd., col. ;$c1/2 in.
=500  \\$aVHS format.
=520  \\$aThis program traces the evolution of Soldner's work over forty years from functional thrown stoneware to his nonfunctional raku sculptured forms and cast bronze pieces.
=600  10$aSoldner, Paul.
=650  \0$aCeramic sculpture$zUnited States.
=710  2\$aCrystal Productions.
=740  0\$aThrown and altered clay, a retrospective.
=852  0\$822250946290002311$bH$cVIDE2$h NK4210.S64$i P3 1992
=966  \\$aprimo

