=LDR  01847cgm  2200385Ia 4500
=001  997923300102311
=005  20150603232633.0
=007  vf\cbahou
=008  930118s1992\\\\mau060\e\\\\\\\\\\vleng\d
=035  \\$a(TU)000792330UTK01
=035  9\$a829046
=035  \\$a(OCoLC)27268758
=037  \\$aFFH 3833$bFilms for the Humanities
=040  \\$aMFS$cMFS$dIBI$dTKN
=043  \\$an-us-ny
=049  \\$aTKNk
=090  \\$aHV6529$b.M55 1992
=245  00$aMind of a serial killer$h[videorecording] /$cproduced by Mark Olshaker and Larry Klein ; directed by Larry Klein ; written by Mark Olshaker ; executive producer, Paula S. Apsell ; a production of Mercury Productions in association with WGBH Boston.
=260  \\$aPrinceton, NJ :$bFilms for the Humanities & Sciences [distributor],$cc1992.
=300  \\$a1 videocassette (60 min.) :$bsd., col. ;$c1/2 in.
=440  \4$aThe WGBH collection
=500  \\$aBroadcast on PBS as a segment of: Nova.
=500  \\$a"The WGBH collection."
=500  \\$aClosed captioned for the hearing impaired.
=508  \\$aCinematography, Erich Rolland; editors, Barr Weissman, Daniel Bailes; music, Richard Einhorn; narrator, Patrick Stewart.
=520  \\$aPresents the real story behind the elite FBI psychological unit popularized in The silence of the lambs. Using a detailed psychological profile, the unit helps the Rochester, New York, police department catch a notorious serial killer who targeted prostitutes.
=538  \\$aVHS format.
=650  \0$aSerial murders$zNew York (State)$zRochester$vCase studies.
=700  1\$aOlshaker, Mark,$d1951-
=700  1\$aKlein, Larry.
=710  2\$aWGBH (Television station : Boston, Mass.)
=710  2\$aFilms for the Humanities (Firm)
=730  0\$aNova (Television program)
=852  0\$822250975580002311$bH$cVIDE2$h HV6529$i .M55 1992
=966  \\$aprimo

