=LDR  00832cgm  2200229ui 4500
=001  997743660102311
=005  20100201130640.0
=007  vf\ccahru
=008  890818s1979\\\\tnu030\\\\\\\\\\\0vleng\d
=035  \\$a(TU)000774366UTK01
=035  9\$a810292
=090  \\$aPR2248$b.A7
=100  1\$aArmistead, J. M.
=245  14$aThe love poems of John Donne.$h[videorecording] /$cpresented by J.M. Armistead.
=260  \\$aKnoxville :$bDept. of Television Services, University of Tennessee,$c1979.
=300  \\$a1 videodisc :$bdigital ;$c4 3/4 in.
=538  \\$aDVD.
=500  \\$aCopied from U-matic.
=520  \\$aSUMMARY: A lecture by Dr. Armistead on John Donn's poetry.
=600  10$aDonne, John,$d1572-1631$xCriticism and interpretation.
=852  0\$822144272120002311$bH$cVHS$hPR2248$i.A7
=852  0\$822250881220002311$bH$cDVD$h PR2248$i .A7

