=LDR  02306cgm  2200577Ia 4500
=001  997807490102311
=005  20150603232424.0
=007  vf-cbahou
=008  881011s1983\\\\nju091\\\\\\\\\\\\vleng\d
=035  \\$a(TU)000780749UTK01
=035  9\$a816851
=035  \\$a(OCoLC)18591056
=040  \\$aCSO$cCSO$dOCL$dVPL$dTKN
=041  \\$aeng$aita
=049  \\$aTKN9
=090  \\$aML400$b.I16
=092  \\$a782.1092$bI11
=099  \\$aML400.I16
=245  00$aI live for art$h[videorecording] :$bTosca /$cKultur.
=260  \\$aW. Long Branch, N.J. :$bKultur Internation Films,$c[1983?]
=300  \\$a1 videocassette (91 min.) :$bsd., col., mono. ;$c1/2 in.
=500  \\$aVHS format.
=500  \\$a"1150."
=508  \\$aDirector, Muriel Balash ; writer, Raymond Vanover ; producer, Joseph Wishy.
=511  1\$aLicia Albanese, Grace Bumbry, Montserrat Caballe, Gina Cigna, Regine Crespin, Dorothy Kirstin, Zinka Milanov, Birgit Nilsson, Magda Olivero, Leonie Rysanek, Renata Tebaldi, Dame Kiri Te Kanawa, Dame Eva Turner, Galina Vishnevskaya, Ljuba Welitsch, Robert Merrill, host.
=520  \\$aFeatures fifteen well-known sopranos in a composite portrait of the operatic prima donna. Reveals the singers' personal experiences and unique styles through candid interviews and scenes from their performances as Tosca.
=600  10$aPuccini, Giacomo,$d1858-1924.$tTosca.
=650  \0$aWomen singers.
=650  \0$aOpera.
=650  \0$aOperas$vExcerpts.
=700  1\$aPuccini, Giacomo,$d1858-1924.$tTosca.
=700  1\$aMerrill, Robert,$d1917-
=700  1\$aAlbanese, Licia.$4prf
=700  1\$aBumbry, Grace,$d1937-$4prf
=700  1\$aCaballé, Montserrat.$4prf
=700  1\$aCigna, Gina,$d1900-$4prf
=700  1\$aCrespin, Régine.$4prf
=700  1\$aKirstin, Dorothy,$d1917-$4prf
=700  1\$aMilanov, Zinka.$4prf
=700  1\$aNilsson, Birgit.$4prf
=700  1\$aOlivero, Magda.$4prf
=700  1\$aRysanek, Leonie.$4prf
=700  1\$aTebaldi, Renata.$4prf
=700  1\$aTe Kanawa, Kiri.$4prf
=700  1\$aTurner, Eva,$cDame,$d1892-1990.$4prf
=700  1\$aVishnevskai︠a︡, Galina,$d1926-$4prf
=700  1\$aWelitsch, Ljuba.$4prf
=710  2\$aKultur International Films.
=740  0\$aTosca.
=852  0\$822214183850002311$bH$cVHS$hML400$i.I16
=966  \\$aprimo

