=LDR  02309ngm  2200505Ia 4500
=001  997884010102311
=005  20150603232516.0
=007  vf-bbahom
=008  920708p19901959nyu023\\\\\\\\\\\\vleng\d
=020  \\$a1561959987
=035  \\$a(TU)000788401UTK01
=035  9\$a824890
=035  \\$a(OCoLC)26148270
=037  \\$a69128$bVideo Artists International
=040  \\$aNPC$cNPC$dTKN
=041  \\$aeng$aita
=049  \\$aTKN9
=090  \\$aM1505.K547$bD6 1990
=099  \\$aM1505.K547D6 1990
=245  00$aDorothy Kirsten in opera and song$h[videorecording] /$cproduced by Video Artists International in association with New England Conservatory.
=260  \\$aNew York, N.Y. :$bVideo Artists International,$cc1990.
=300  \\$a1 videocassette (ca. 23 min.) :$bsd., b&w ;$c1/2 in.
=440  \0$aVoice of Firestone classic performances
=500  \\$aVideocassette release of two original kinescope masters from the archives of New England Conservatory of Music.
=500  \\$aTitle from container.
=505  0\$aTelecast of Dec. 9, 1962. La fanciulla del West. Poker scene / Puccini -- Romance / Donaldson -- Telecast of May 18, 1959. If I could tell you / Firestone -- Tosca. Vissi d'arte / Puccini -- Kismet. And this is my beloved / Borodin-Wright-Forrest -- In my garden / Firestone.
=511  0\$aDorothy Kirsten, soprano, with Mario Sereni or Thomas L. Thomas, baritones ; Firestone Orchestra ; Walter Hendl, conductor.
=538  \\$aVHS format.
=650  \0$aOperas$vExcerpts.
=650  \0$aSongs (High voice) with orchestra.
=700  1\$aKirsten, Dorothy,$d1910-1992.
=700  1\$aSereni, Mario.
=700  1\$aThomas, Thomas L.
=700  1\$aHendl, Walter,$d1917-
=700  1\$aPuccini, Giacomo,$d1858-1924.$tFanciulla del West.$nAtto 2o.$kSelections.
=700  1\$aDonaldson, Walter,$d1893-1947.$tRomance.
=700  1\$aFirestone, Idabelle.$tIf I could tell you.
=700  1\$aPuccini, Giacomo,$d1858-1924.$tTosca.$pVissi d'arte.
=700  1\$aWright, Robert Craig,$d1914-$tKismet.$pAnd this is my beloved.
=700  1\$aFirestone, Idabelle.$tIn my garden.
=710  2\$aFirestone Orchestra.
=710  2\$aVideo Artists International.
=710  2\$aNew England Conservatory of Music.
=852  0\$822184083830002311$bH$cVHS$hM1505.K547$iD6 1990
=966  \\$aprimo

