=LDR  01216cgm  2200349Ma 4500
=001  997884050102311
=005  20150603232516.0
=007  vf-cbahou
=008  881003s1987\\\\nju070\\\\\\\\\\\\vleng\d
=035  \\$a(TU)000788405UTK01
=035  9\$a824894
=035  \\$a(OCoLC)18853034
=037  \\$a970$bFFH
=040  \\$aDRB$cDRB$dTKN
=049  \\$aTKN9
=090  \\$aML410.H13$bG4 1987
=099  \\$aML410.H13G4 1987
=245  00$aGeorge Frideric Handel$h[videorecording] :$bhonour, profit and pleasure
=260  \\$aPrinceton, N. J. :$bFilms for the Humanities,$cc1987.
=300  \\$a1 videocassette (70 min.) :$bsd., col. ;$c1/2 in.
=440  \0$aBiographies in music
=500  \\$aTitle from container.
=508  \\$aDirector, Anna Ambrose.
=511  1\$aPortrayed by Simon Callow.
=520  \\$aA portait of Handel in the cultural and social context of the England which he created--and which his creations mirror.
=600  10$aHandel, George Frideric,$d1685-1759.
=650  \0$aComposers$vBiography.
=700  1\$aCallow, Simon,$d1949-
=710  2\$aFilms for the Humanities (Firm)
=740  0\$aHonour, profit and pleasure.
=852  0\$822184120470002311$bH$cVHS$hML410.H13$iG4 1987
=966  \\$aprimo

