=LDR  02000ngm  2200421Ia 4500
=001  997807180102311
=005  20150603232359.0
=007  vf\mbahou
=008  930303s1989\\\\scu058\f\\\\\\\\\\vleng\d
=020  \\$cFor sale ( 69.95)
=035  \\$a(TU)000780718UTK01
=035  9\$a816819
=035  \\$a(OCoLC)27656897
=040  \\$aIBS$cIBS$dTKN
=049  \\$aTKN9
=090  \\$aMT1$b.K4 v.12
=245  00$aIntegrating the arts$h[videorecording] /$cproducer/director, Steve Folks ; produced for the Office of Instructional Technology, State Department of Education by South Carolina ETV.
=260  \\$aColumbia, S.C. :$bS.C. ETV,$cc1989.
=300  \\$a1 videocassette (57 min., 50 sec.) :$bsd., col. with b&w sequences ;$c1/2 in +$e1 series guide.
=440  \0$aKey changes : a seminar for music educators ;$v12
=500  \\$aTitle on cassette label and container: Intergrating [sic] arts.
=500  \\$a1263-0014.
=508  \\$aCamera operators, Robert Jackson, Craig Ness, Brett Raven; editor, Elaine Cooper.
=511  0\$aSeries host: Ray Doughty.
=518  \\$aRecorded on Oct. 18, 1989.
=520  \\$aPresents a lecture by Dr. Bryan E. Lindsay, professor at the University of South Carolina, Spartanburg, and avid proponent of integrating the arts into the total school curriculum. He discusses and illustrates the inter-relationship of art and music to each other and to other curriculum components. A brief period of questions and answers follows.
=521  1\$aMusic educators.
=538  \\$aVHS-Standard play.
=650  \0$aInterdisciplinary approach in education.
=650  \0$aCurriculum planning.
=650  \0$aMusic$xInstruction and study.
=700  1\$aFolks, Steve.
=700  1\$aDoughty, Ray.
=700  1\$aLindsay, Bryan E.
=710  1\$aSouth Carolina.$bOffice of Instructional Technology.
=710  2\$aSouth Carolina Educational Television Network.
=710  2\$aUniversity of South Carolina.$bSchool of Music.
=852  0\$822214224450002311$bH$cVHS$hMT1$i.K4 v.12

