=LDR  01033cgm  2200313Ka 4500
=001  997923360102311
=005  20150603232634.0
=007  vf-cbahou
=008  930506s1985\\\\nju055\\\\\\\\\\\\vleng\d
=035  \\$a(TU)000792336UTK01
=035  9\$a829053
=035  \\$a(OCoLC)28054177
=040  \\$aONU$cONU$dTKN
=049  \\$aTKN9
=090  \\$aMT262$b.S4 1985
=092  \\$a780.77$bS478
=099  \\$aMT262.S4 1985
=245  00$aSensei$h[videorecording] :$blearning music with Dr. Suzuki.
=260  \\$aPrinceton, N.J. :$bFilms for the Humanities and Sciences,$cc1985.
=300  \\$a1 videocassette (55 min.) :$bsd., col. ;$c1/2 in.
=500  \\$aVHS format.
=511  0\$aScript and narration Agnes Cogan ; Produced and directed by Agnes Cogan.
=600  10$aSuzuki, Shinʾichi,$d1898-
=650  \0$aMusic$xInstruction and study.
=650  \0$aStringed instruments$vMethods.
=700  1\$aSuzuki, Shinʾichi,$d1898-
=700  1\$aCogan, Agnes.
=711  2\$aESA Workshop '85.
=852  0\$822167695190002311$bH$cVHS$hMT262$i.S4 1985

