=LDR  01321cgm  2200361Ia 4500
=001  997790590102311
=005  20150603232337.0
=007  vf-cbahou
=008  930108s1991\\\\pau098\\z\\\\\\\\\vleng\d
=035  \\$a(TU)000779059UTK01
=035  9\$a815135
=035  \\$a(OCoLC)27211597
=040  \\$aOBE$cOBE$dTKN
=049  \\$aTKN9
=090  \\$aMT68$b.I56 1991
=099  \\$aMT68.I56 1991
=245  04$aThe Improvisor's guide to transcription$h[videorecording] /$cDavid Liebman ; directed and produced by David Liebman, Gene Perla, Caris Liebman.
=260  \\$aStroudsburg, PA :$bCaris Music Services,$c1991.
=300  \\$a1 videocassette (98 min.) :$bsd., col. ;$c1/2 in.
=500  \\$a"CMS-002"--Container.
=511  0\$aPerformers: David Liebman, Caris Visentin Liebman, Gunnar Mossblad.
=518  \\$aTaped in Woodcliff Lake, N.J., April 1991.
=520  \\$aLiebman describes his method of transcription used in learning and understanding jazz improvisation.
=538  \\$aVHS format.
=650  \0$aJazz$xInstruction and study.
=650  \0$aImprovisation (Music)
=700  1\$aLiebman, Dave.
=700  1\$aPerla, Gene,$d1940-
=700  1\$aLiebman, Caris Visentin.
=700  1\$aMossblad, Gunnar.
=710  2\$aCaris Music Services.
=852  0\$822159835860002311$bH$cVHS$hMT68$i.I56 1991
=966  \\$aprimo

