=LDR  01716ngm  2200385Ia 4500
=001  997831890102311
=005  20150603232415.0
=007  vf-mbaho-
=008  921111s1992\\\\cau070\\\\\\\\\\\\vleng\d
=035  \\$a(TU)000783189UTK01
=035  9\$a819385
=035  \\$a(OCoLC)26952017
=040  \\$aAMH$cAMH$dTKN
=043  \\$an-us---
=049  \\$aTKN9
=090  \\$aML420.M568$bS2
=099  \\$aML420.M568S2
=245  00$aSaturday night, Sunday morning$h[videorecording] :$bthe travels of Gatemouth Moore /$cproduced and directed by Louis Guida ; a Co-Media production.
=260  \\$aSan Francisco, CA :$bCalifornia Newsreel,$cc1992.
=300  \\$a1 videocassette (70 min.) :$bsd., col. with b&w sequences ;$c1/2 in.
=508  \\$aEditor, David Carnochan; camera, Richard Gordon.
=520  \\$aThis film documents, through interviews and early photographs, the life of Arnold Dwight "Gatemouth" Moore, a prominent blues singer who left the stage at the height of his career to preach and sing gospel music. Among those interviewed are Moore, Rufus Thomas, Andrew Chaplin, Jr., B.B. King, and Benjamin Hooks.
=538  \\$aVHS format.
=600  10$aMoore, Gatemouth,$d1913-
=650  \0$aSingers$zUnited States$vBiography.
=650  \0$aAfrican American singers$zUnited States$vBiography.
=650  \0$aBlues musicians$zUnited States$vBiography.
=650  \0$aGospel musicians$zUnited States$vBiography.
=650  \0$aBaptist converts$zUnited States$vBiography.
=650  \0$aBaptists, Black$zUnited States$xClergy$vBiography.
=700  1\$aMoore, Gatemouth,$d1913-
=700  1\$aGuida, Louis,$d1947-
=710  2\$aCo-Media, Inc.
=852  0\$822146967180002311$bH$cVHS$hML420.M568$iS2
=966  \\$aprimo

