=LDR  02397cgm  2200517Ia 4500
=001  997922240102311
=005  20150603232647.0
=007  vf-cbahou
=008  930322s1993\\\\vtu060\e\\\\\\\\\\vleng\d
=035  \\$a(TU)000792224UTK01
=035  9\$a828938
=035  \\$a(OCoLC)27772711
=040  \\$aMST$cMST$dXTA$dTKN
=041  \\$aeng$aspa$beng
=043  \\$ances---$as-pe---
=049  \\$aTKNN
=090  \\$aF1408$b.A617 pt.9
=092  \\$a980$bFIR
=099  \\$aF1408.A617 pt.9
=245  00$aFire in the mind$h[videorecording] /$ca production of WGBH Boston and Central Television Enterprises for Channel 4, UK ; executive producer, Judith Vecchione ; directed by Marc DeBeaufort, Yezid Campos.
=260  \\$aSouth Burlington, VT :$bAnnenberg/CPB Collection,$cc1993.
=300  \\$a1 videocassette (60 min.) :$bsd., col. ;$c1/2 in.
=440  \0$aAmericas ;$v9
=500  \\$aTitle on container: Fire in the mind: revolutions and revolutionaries.
=500  \\$aIn English and Spanish, with English subtitles and voiceovers.
=500  \\$aVHS format.
=511  0\$aRaul Julia, narrator.
=520  \\$aAs Latin American countries struggle to come to terms with their problems, many demand fundamental structural change - revolution. This program focuses on revolutions in two countries: El Salvador and Peru. It examines the conflict in El Salvador, rooted in issues of land and poverty and where some of the problems are being addressed. But in Peru, serious economic conditions and poverty have resulted in a violent and more deadly revolutionary group, the Shining Path.
=610  20$aSendero Luminoso (Guerrila group)
=650  \0$aInsurgency$zEl Salvador.
=650  \0$aInsurgency$zPeru.
=651  \0$aEl Salvador$xPolitics and government$y1979-
=651  \0$aEl Salvador$xSocial conditions.
=651  \0$aEl Salvador$xEconomic conditions.
=651  \0$aPeru$xPolitics and government$y1980-
=651  \0$aPeru$xSocial conditions.
=700  1\$aJulia, Raul.
=700  1\$aVecchione, Judith.
=700  1\$aDeBeaufort, Marc.
=700  1\$aCampos, Yezid.
=710  2\$aWGBH (Television station : Boston, Mass.)
=710  2\$aChannel Four (Great Britain)
=710  2\$aCentral Independent Television.
=730  0\$aAnnenberg/CPB collection.
=740  0\$aFire in the mind: revolution and revolutionaries.
=852  0\$822250973270002311$bH$cVIDEO$h F1408$i .A617 pt.9

