=LDR  01252cgm  2200337Ia 4500
=001  997884030102311
=005  20150603232516.0
=007  vf-cbahou
=008  880325c19871986nju058\\\\\\\\\\\\vleng\d
=035  \\$a(TU)000788403UTK01
=035  9\$a824892
=035  \\$a(OCoLC)17683036
=040  \\$aFJD$cFJD$dOCL$dTKN
=049  \\$aTKN9
=090  \\$aML410.C54$bF7 1987
=099  \\$aML410.C54F7 1987
=245  00$aFryderyk Franciszek Chopin$h[videorecording]
=260  \\$a[Princeton, NJ] :$bFilms for the Humanities,$cc1986.
=300  \\$a1 videocassette (VHS) (58 min.) :$bsd., col.;$c1/2 in.
=440  \0$aBiographies in music
=500  \\$aTitle on container: In the steps of Chopin : a portrait / by Byron Janis.
=500  \\$a"FFH 898."
=508  \\$aDrawings, Maria Cooper Janis ; commentary, Claude Thomas, Byron Janis, Raymond Gerome.
=520  \\$aReviews important land marks of Chopin's life, including: his teaching methods, manuscripts, and musical instruments.
=600  10$aChopin, Frédéric,$d1810-1849.
=650  \0$aComposers$vBiography.
=700  1\$aJanis, Byron.
=710  2\$aFilms for the Humanities (Firm)
=740  0\$aIn the steps of Chopin.
=852  0\$822184064140002311$bH$cVHS$hML410.C54$iF7 1987
=966  \\$aprimo

