=LDR  02537ngm  2200517Ia 4500
=001  997857230102311
=005  20150603232451.0
=007  vf-bbahou
=008  920708p19901950nyu027\\\\\\\\\\\\vleng\d
=020  \\$a1561959952
=035  \\$a(TU)000785723UTK01
=035  9\$a822069
=035  \\$a(OCoLC)26148456
=037  \\$a69125$bVideo Artists
=040  \\$aNPC$cNPC$dTKN
=049  \\$aTKN9
=090  \\$aM1497.T7$bH4 1990
=099  \\$aM1497.T7H4 1990
=245  00$aHelen Traubel in opera and song$h[videorecording] /$cproduced by Video Artists International in association with New England Conservatory.
=260  \\$aNew York, N.Y. :$bVideo Artists International,$cc1990.
=300  \\$a1 videocassette (ca. 27 min.) :$bsd., b&w ;$c1/2 in.
=440  \0$aVoice of Firestone classic performances
=500  \\$aVideocassette release of two original kinescope masters from the archives of New England Conservatory of Music.
=500  \\$aTitle from container.
=505  0\$aIntroduction -- If I could tell you / Firestone -- Vienna, city of my dreams / Sieczynski -- I love thee / Grieg -- Deep river -- Die Walküre. Du bist der Lenz / Wagner -- In my garden / Firestone -- The world is waiting for the sunrise / Seitz -- Loch Lomond -- Were you there -- Die Walküre. Ho-jo-to-ho / Wagner -- Closing -- In my garden / Firestone.
=511  0\$aHelen Traubel, soprano ; Firestone Orchestra ; Howard Barlow, conductor.
=518  \\$aOriginally broadcast as Voice of Firestone television program on Jan. 16, 1950 and Feb. 27, 1950.
=538  \\$aVHS format.
=650  \0$aOperas$vExcerpts.
=650  \0$aSongs (High voice) with orchestra.
=700  1\$aTraubel, Helen.
=700  1\$aBarlow, Howard,$d1892-1972.
=700  1\$aFirestone, Idabelle.$tIf I could tell you.
=700  1\$aSieczyński, Rudolf,$d1879-1952.$tWien, du Stadt meiner Traume.$lEnglish.
=700  1\$aGrieg, Edvard,$d1843-1907.$tHjertets melodier.$pJeg elsker dig.$lEnglish.
=700  1\$aWagner, Richard,$d1813-1883.$tRing des Nibelungen.$pWalküre.$pDu bist der Lenz.
=700  1\$aFirestone, Idabelle.$tIn my garden.
=700  1\$aSeitz, Ernest,$d1892-1978.$tWorld is waiting for the sunrise.
=700  1\$aWagner, Richard,$d1813-1883.$tRing des Nibelungen.$pWalküre.$pHo-jo-to-ho!
=710  2\$aVideo Artists International.
=710  2\$aNew England Conservatory of Music.
=740  0\$aDeep river.
=740  0\$aLoch Lomond.
=740  0\$aWere you there.
=852  0\$822179268390002311$bH$cVHS$hM1497.T7$iH4 1990
=966  \\$aprimo

