=LDR  01683ngm  2200385Ia 4500
=001  997790400102311
=005  20150603232328.0
=007  vf-cbahou
=008  930201s1992\\\\nju026\\\\\\\\\\\\vleng\d
=035  \\$a(TU)000779040UTK01
=035  9\$a815116
=035  \\$a(OCoLC)27351654
=040  \\$aNRM$cNRM$dTKN
=049  \\$aTKN9
=090  \\$aMT262$b.E27 1992
=092  \\$a787.2
=099  \\$aMT262.E27 1992
=245  00$aEarly music education with Suzuki$h[videorecording] /$cThames Colour Productions ; a presentation of Films for the Humanities & Sciences ; production assistance, Christine Hill ; executive producer, Diana Potter ; produced & directed by David Hodgson.
=260  \\$aPrinceton, NJ :$bFilms for the Humanities & Sciences,$cc1992.
=300  \\$a1 videocassette (26 min.) :$bsd., col. ;$c1/2 in.
=440  \3$aAn exceptional child
=500  \\$aTitle taken from container.
=500  \\$aDate taken from container.
=500  \\$aDate varies: tape, c1980.
=500  \\$aVHS format.
=508  \\$aMusic composed by Elizabeth Lane.
=520  \\$a"Laurie was three-and-a-half when he began learning the volin by means of the controversial Suzuki method. The program follows the child's training for two years. What is clear is that the child's skills have advanced more than his age, and that the relationship between mother and child has deepened.
=600  10$aSuzuki, Shinʾichi,$d1898-
=650  \0$aViolin$vMethods.
=650  \0$aViolin$xInstruction and study.
=710  2\$aThames Television, ltd.
=710  2\$aFilms for the Humanities (Firm)
=740  0\$aSuzuki method.
=852  0\$822159830520002311$bH$cVHS$hMT262$i.E27 1992
=966  \\$aprimo

