=LDR  01221cgm  22003491a 4500
=001  997881230102311
=005  20150603232521.0
=007  vfucbahou
=008  870706p19871984nju116\e\\\\\\\\\\vleng\c
=010  \\$a87706813 /F
=035  \\$a(TU)000788123UTK01
=035  9\$a824601
=035  \\$a(OCoLC)17355674
=040  \\$aALA Booklist$cDLC$dTKN
=049  \\$aTKN9
=090  \\$aML410.B1$bJ634 1987
=099  \\$aML410.B1J634 1987
=245  00$aJohann Sebastian Bach$h[videorecording] :$ba documentary portrait /$cFilms for the Humanities.
=260  \\$aPrinceton, NJ :$bFilms for the Humanities,$c1987.
=300  \\$a1 videocassette (116 min.) :$bsd., col. ;$c1/2 in.
=500  \\$aCataloged from contributor's data.
=500  \\$aVHS format.
=500  \\$a"FFH 992."
=518  \\$aMade in 1984.
=520  \\$aTraces the career of Johann Sebastian Bach as court organist and takes a look at the mechanics of his professional work.
=521  \\$aAges 16 through adult.
=600  10$aBach, Johann Sebastian,$d1685-1750.
=650  \0$aComposers$zGermany$vBiography.
=650  \0$aComposers.
=710  2\$aFilms for the Humanities (Firm)
=852  0\$822184042540002311$bH$cVHS$hML410.B1$iJ634 1987
=966  \\$aprimo

