=LDR  01324cgm  2200301Ka 4500
=001  997864880102311
=005  20150603232517.0
=007  vf-cbahou
=008  930216s1983\\\\hiu030\\\\\\\\\\\\vleng\d
=035  \\$a(TU)000786488UTK01
=035  9\$a822863
=035  \\$a(OCoLC)27447944
=040  \\$aDKC$cDKC$dTKN
=049  \\$aTKNk
=090  \\$aBQ6450.J32$bS48675 1983
=099  \\$aBQ6450.J32S48675 1983
=100  1\$aStatler, Oliver.
=245  10$aJapanese pilgrimage$h[videorecording] :$bthe pilgrimage to the eighty-eight sacred places of Shikoku /$ca film by Oliver Statler.
=260  \\$aHonolulu, HI :$bVeda Film,$c[1983?]
=300  \\$a1 videocassette (VHS) (60 min.) :$bsd., col. ;$c1/2 in.
=508  \\$aPlanned, written and narrated by Oliver Statler.
=520  \\$a"The ninth century founder of the Shingon school of Buddhism, Kobo Daishi ... has been called the greatest figure of Japanese religion. The film records the route taken by thousands of pilgrims each year along a circular path to his home on the island of Shikoku."
=600  00$aKūkai,$d774-835.
=650  \0$aBuddhist pilgrims and pilgrimages$zJapan$zShikoku Region.
=651  \0$aShikoku Region (Japan)$xDescription and travel.
=700  1\$aStatler, Oliver.
=852  0\$822250974140002311$bH$cVIDEO$h BQ6450.J32$i S48675 1983
=966  \\$aprimo

