=LDR  02216cgm  2200541Ia 4500
=001  997877010102311
=005  20150603232510.0
=007  vf-cbahou
=008  920710r19911979enk162\\z\\\\\\\\\vlita\d
=035  \\$a(TU)000787701UTK01
=035  9\$a824172
=035  \\$a(OCoLC)26165699
=037  \\$a071 506-3$bLondon
=040  \\$aTXX$cTXX$dTKN
=041  \\$aita$beng$geng
=049  \\$aTKN9
=090  \\$aM1500.M78$bI5 1991
=092  \\$a792.5
=099  \\$aM1500.M78I5 1991
=245  02$aL'incoronazione di Poppea$h[videorecording] /$cmusic by Claudio Monteverdi ; libretto by Giovanni Francesco Busenello ; directed and designed by Jean-Pierre Ponnelle.
=260  \\$aLondon :$bLondon,$cp1991, c1979$e(New York :$fPolygram Video).
=300  \\$a1 videocassette (162 min.) :$bsd., col. ;$c1/2 in.
=500  \\$aVHS.
=500  \\$aOpera in three acts.
=500  \\$aIn Italian with English subtitles.
=500  \\$aBased on a performance of the Zurich Opera House.
=500  \\$a"A UNITEL production."
=500  \\$aEdition performed by Nikolaus Harnoncourt.
=500  \\$aProgram notes and synopsis of the plot in English ([5] p.). inserted in container.
=500  \\$aLondon 071 506-3
=500  \\$aUPC 4400715063
=508  \\$aDirector and designer, Jean-Pierre Ponnelle ; arranger and conductor, Nikolaus Harnoncourt ; camera, Wolfgang Treu, Theo Rose.
=511  1\$aRachel Yakar, Eric Tappy, Trudeliese Schmidt, Paul Esswood, Janet Perry ; Monteverdi Ensemble of Zurich Opera House.
=518  \\$aFilmed at the Zurich Opera House.
=520  \\$aVirtue and love look on as evil triumphs in this, Monteverdi's operatic masterpiece.
=650  \0$aOperas.
=700  1\$aBusenello, Giovanni Francesco,$d1598-1659
=700  1\$aYakar, Rachel$4prf
=700  1\$aTappy, Eric.$4prf
=700  1\$aSchmidt, Trudeliese.$4prf
=700  1\$aEsswood, Paul.$4prf
=700  1\$aPerry, Janet$4prf
=700  1\$aHarnoncourt, Nikolaus$4cnd
=700  1\$aPonnelle, Jean-Pierre,$d1932-
=700  1\$aMonteverdi, Claudio,$d1567-1643$tIncoronazione di Poppea.
=710  2\$aOpernhaus Zürich.$bMonteverdi-Ensemble$4prf
=852  0\$822200215480002311$bH$cVHS$hM1500.M78$iI5 1991
=966  \\$aprimo

