=LDR  01349cgm  2200313Ia 4500
=001  997861790102311
=005  20080520115627.0
=007  vf\bbaho\
=008  930429s1973\\\\xx\720\\\\\\\\\\\\vleng\d
=035  \\$a(TU)000786179UTK01
=035  9\$a822547
=090  \\$aMT262$b.S88 1973
=245  00$aSuzuki-Starr videotapes$h[videorecording] /$cproduced by William Starr under the auspices of the Suzuki Talent Education Association of Knoxville and the Music Dept. of the University of Tennessee.
=260  \\$cc1973.
=300  \\$a12 videocassettes (ca. 60 min. each) :$bsd., b&w ;$c1/2 in. +$etable of contents (3 leaves) + Suzuki parents (1 leaf)
=500  \\$aVHS format.
=500  \\$aAlso includes 2 copies in UT Archives on videoreels.
=600  10$aSuzuki, Shinʾichi,$d1898-
=650  \0$aViolin$vMethods.
=650  \0$aViolin$xInstruction and study.
=700  1\$aStarr, William J.$q(William Joseph),$d1923-
=700  1\$aSuzuki, Shinʾichi,$d1898-
=710  2\$aSuzuki Talent Education Association of Knoxville.
=710  2\$aUniversity of Tennessee, Knoxville.$bDept. of Music.
=852  0\$822160716380002311$bMUS$cLN$hMT262$i.S88 1973
=852  0\$822160716650002311$bST$cSTVID$hMT262$i.S88 1973
=852  0\$822160717180002311$bSC$cARVIS$hMT262$i.S88 1973
=852  0\$822160716340002311$bSC$cARCH$hMT262$i.S88 1973
=966  \\$aprimo

