=LDR  01310ngm  2200373 a 4500
=001  998040780102311
=005  20150603232752.0
=007  vf\cbaho\
=008  890817s1989\\\\nyu057\\\\\\\\\\\0vleng\d
=035  \\$a(TU)000804078UTK01
=035  9\$a841136
=035  \\$a(OCoLC)20190225
=040  \\$aXNC$cXNC$dTKN
=049  \\$aTKNk
=090  \\$aND237.B278$bJ4
=092  \\$a759.13$bBas, Jea
=099  \\$aND237.B278J4
=245  00$aJean-Michel Basquiat (1960-1988)$h[videorecording] /$cproducer-director, Paul Tschinkel.
=260  \\$aNew York :$bInner-Tube Video,$cc1989.
=300  \\$a1 videocassette (57 min.) :$bsd., col. ;$c1/2 in.
=440  \0$aArt/New York.$vno. 30
=500  \\$aVHS format.
=511  0\$aNarrated by Sarah Berry.
=520  \\$aCovers brief but dazzling career of 1980's Artworld superstar Jean-Michel Basquiat. Includes interviews with Peter Schjeldahl, Jeffrey Deitch, Fab 5 Freddie Brathwaite and Annina Nosei. Interview of Basquiat by Marc Miller.
=600  10$aBasquiat, Jean Michel,$d1960-1988.
=650  \0$aPainters$vInterviews.
=700  1\$aTschinkel, Paul.
=700  1\$aSchjeldahl, Peter.
=700  1\$aDeitch, Jeffrey.
=700  0\$aFab 5 Freddy,$d1959-
=700  1\$aNosei, Annina.
=700  1\$aMiller, Marc H.
=710  2\$aInner Tube Video.
=966  \\$aprimo

