=LDR  01419ngm  2200361Ia 4500
=001  997884070102311
=005  20150603232517.0
=007  vf-cbahou
=008  930506s1992\\\\scu058\\\\\\\\\\\\vleng\d
=035  \\$a(TU)000788407UTK01
=035  9\$a824896
=035  \\$a(OCoLC)28054017
=040  \\$aTKN$cTKN
=049  \\$aTKN9
=090  \\$aMT1$b.K4 v.11
=099  \\$aMT1.K4 v.11
=245  00$aComputer programs for writing music$h[videorecording] /$cproducer/director, Steve Folks ; produced for the Office of Instructional Technology, State Dept. of Education by South Carolina ETV.
=260  \\$aColumbia, S.C. :$bS.C. ETV,$cc1992.
=300  \\$a1 videocassette (57:50) :$bsd., col. ;$c1/2 in.
=440  \0$aKey changes : a seminar for music educators ;$v11
=500  \\$aVHS format.
=508  \\$aClint Bryson, Keisha Johnson, Tracy Webb, cameras ; Elaine Cooper, editor.
=511  0\$aLauren Whiteman, instructor ; Ray Doughty, series host.
=518  \\$aRecorded January 13, 1992.
=520  \\$aLauren Whiteman demonstrates and discusses some solutions to the sometimes tedious task of notating compositions.
=650  \0$aMusical notation.
=650  \0$aComputer composition.
=700  1\$aWhiteman, Lauren A.
=700  1\$aDoughty, Charles.
=700  1\$aFolks, Steve.
=710  2\$aSouth Carolina Educational Television Network.
=852  0\$822184042430002311$bH$cVHS$hMT1$i.K4 v.11
=966  \\$aprimo

