=LDR  02970ngm  2200565Ka 4500
=001  997858490102311
=005  20150603232456.0
=007  vf-bbahou
=008  920615p19901950nyu045\\\\\\\\\\\\vleng\d
=035  \\$a(TU)000785849UTK01
=035  9\$a822198
=035  \\$a(OCoLC)26020404
=040  \\$aTUL$cTUL$dTKN
=041  \\$aeng$afre$aita
=049  \\$aTKN9
=090  \\$aM1505.S742$bE42 1990
=099  \\$aM1505.S742E42 1990
=245  00$aEleanor Steber in opera and song, vol. 2$h[videorecording]
=260  \\$a[New York] :$bVideo Artists International,$cc1990.
=300  \\$a1 videocassette (45 min.) :$bsd., b&w.
=440  \0$aVoice of Firestone classic performances
=500  \\$aVHS (69112)
=505  0\$aIntroduction ; If I could tell you -- You are the song in my heart -- Lovelier than ever -- Verdi: Ernani, involami and cabaletta from Ernani -- O. Straus: My hero from the Chocolate soldier -- Gershwin: Summertime from Porgy and Bess -- Puccini: Un bel di from Madama Butterfly -- The world is waiting for the sunrise -- Strauss: Czardas from Die Fledermaus -- Verdi: Quartet from Rigoletto -- Gounod: Trio from Faust -- Donizetti: Sextet from Lucia -- Closing ; In my garden -- Encore - Carry me back to old Virginnny.
=511  1\$aEleanor Steber, soprano ; Voice of Firestone Orchestra ; Howard Barlow, conductor.
=518  \\$aOriginally broadcast as Voice of Firestone television program on Feb. 13, 1950; May 28, 1951; Nov. 30, 1953 and Aug. 2, 1954.
=650  \0$aOperas$vExcerpts.
=650  \0$aSongs (High voice) with orchestra, Arranged.
=700  1\$aSteber, Eleanor.$4prf
=700  1\$aBarlow, Howard,$d1892-1972.
=700  1\$aSullivan, Brian.
=700  1\$aStevens, Risë,$d1913-
=700  1\$aRounseville, Robert.
=700  1\$aHines, Jerome,$d1921-
=700  1\$aFirestone, Idabelle.$tIf I could tell you.
=700  1\$aFirestone, Idabelle.$tYou are the song in my heart.
=700  1\$aLoesser, Frank,$d1910-1969.$tWhere's Charley?$pLovelier than ever.
=700  1\$aVerdi, Giuseppe,$d1813-1901.$tErnani.$pErnani, Ernani, involami.
=700  1\$aStraus, Oscar,$d1870-1954.$tTapfere Soldat.$pKomm, Held meiner Träume.
=700  1\$aGershwin, George,$d1898-1937.$tPorgy and Bess.$pSummertime.
=700  1\$aPuccini, Giacomo,$d1858-1924.$tMadama Butterfly.$pUn bel dì, vedremo.
=700  1\$aSeitz, Ernest,$d1892-1978.$tWorld is waiting for the sunrise.
=700  1\$aStrauss, Johann,$d1825-1899.$tFledermaus.$pCsárdás
=700  1\$aVerdi, Giuseppe,$d1813-1901.$tRigoletto.$pUn di, se ben rammentomi.
=700  1\$aGounod, Charles,$d1818-1893.$tFaust.$pQue voulez-vous, messieurs!
=700  1\$aDonizetti, Gaetano,$d1797-1848.$tLucia di Lammermoor.$pChi mi frena in tal momento
=700  1\$aFirestone, Idabelle.$tIn my garden.
=710  2\$aVideo Artists International.
=740  0\$aCarry me back to old Virginny.
=852  0\$822179271770002311$bH$cVHS$hM1505.S742$iE42 1990
=966  \\$aprimo

