=LDR  01409ngm  2200373Ia 4500
=001  997884080102311
=005  20150603232517.0
=007  vf-cbahou
=008  930506s1992\\\\scu058\\\\\\\\\\\\vleng\d
=035  \\$a(TU)000788408UTK01
=035  9\$a824897
=035  \\$a(OCoLC)28054042
=040  \\$aTKN$cTKN
=049  \\$aTKN9
=090  \\$aMT1$b.K4 v.10
=099  \\$aMT1.K4 v.10
=245  00$aElectronic music devices$h[videorecording] :$ban overview /$cproducer/director, Steve Folks ; produced for the Office of Instructional Technology, State Dept. of Education by South Carolina ETV.
=250  \\$a[Rev.]
=260  \\$aColumbia, S.C. :$bS.C. ETV,$cc1992.
=300  \\$a1 videocassette (57:50) :$bsd., col. ;$c1/2 in.
=440  \0$aKey changes : a seminar for music educators ;$v10
=500  \\$aVHS format.
=508  \\$aClint Bryson, John Gunter, Tracy Webb, cameras ; Elaine Cooper, editor.
=511  0\$aFred A. Stewart, instructor ; Ray Doughty, series host.
=518  \\$aRecorded Jan. 10, 1992.
=520  \\$aFred Stewart presents an introduction to electronic music synthesizers and MIDI.
=650  \0$aSynthesizer (Musical instrument)
=650  \0$aMIDI (Standard)
=700  1\$aStewart, Fred A.
=700  1\$aDoughty, Ray.
=700  1\$aFolks, Steve.
=710  2\$aSouth Carolina Educational Television Network.
=852  0\$822184169250002311$bH$cVHS$hMT1$i.K4 v.10
=966  \\$aprimo

