=LDR  01842cgm  2200457Ia 4500
=001  997922170102311
=005  20150603232643.0
=007  vf\cbahou
=008  930317s1993\\\\vtu060\e\\\\\\\\\\vleng\d
=035  \\$a(TU)000792217UTK01
=035  9\$a828931
=035  \\$a(OCoLC)27746944
=040  \\$aMST$cMST$dXTA$dTKN
=041  1\$aeng$apor$beng
=043  \\$as-bl---$acl-----
=049  \\$aTKNN
=090  \\$aF1408$b.A617 pt.2
=092  \\$a981.06$bCAP
=099  \\$aF1408.A617 pt.2
=245  00$aCapital sins$h[videorecording] /$ca production of WGBH Boston and Central Television Enterprises for Channel 4, UK ; executive producer, Judith Vecchione ; written, produced, and directed by Rachel Field.
=260  \\$aSouth Burlington, VT :$bAnnenberg/CPB Collection,$cc1993.
=300  \\$a1 videocassette (60 min.) : sd., col. ;$c1/2 in.
=440  \0$aAmericas ;$v2
=500  \\$aTitle on container: Capital sins: authoritarianism and democratization.
=500  \\$aIn English and Portuguese, with English subtitles and voiceovers.
=500  \\$aVHS format.
=511  0\$aRaul Julia, narrator.
=520  \\$aThis program focuses on Brazil - its economic and social conditions, people and resources and politics and government.
=651  \0$aBrazil$xSocial conditions.
=651  \0$aBrazil$xEconomic conditions.
=651  \0$aBrazil$xPolitics and government.
=651  \0$aLatin America$xSocial conditions.
=700  1\$aJulia, Raul.
=700  1\$aVecchione, Judith.
=700  1\$aField, Rachel,$d1894-1942.
=710  2\$aWGBH (Television station : Boston, Mass.)
=710  2\$aChannel Four (Great Britain)
=710  2\$aCentral Independent Television.
=730  0\$aAnnenberg/CPB collection.
=740  0\$aCapital sins: authoritarianism and democratization.
=852  0\$822250972780002311$bH$cVIDEO$h F1408$i .A617 pt.2

