=LDR  01703cgm  2200409Ia 4500
=001  997861600102311
=005  20150603232500.0
=007  vf-bbahou
=008  861113r19861969nyu080\g\\\\\\\\\\vlspa\d
=035  \\$a(TU)000786160UTK01
=035  9\$a822521
=035  \\$a(OCoLC)14708106
=040  \\$aCUZ$cCUZ$dTKN
=041  \\$aspa$beng
=049  \\$aTKNk
=090  \\$aF1785$b.F5 1986
=099  \\$aF1785.F5 1986
=245  04$aThe First charge of the machete$h[videorecording] /$cCuban Institute of Art and Film Industry.
=260  \\$a[New York, N.Y. :$bVideotapes, Center for Cuban Studies,$c1986?]
=300  \\$a1 videocassette (80 min.) :$bsd., b&w ;$c1/2 in.
=500  \\$aVHS format.
=500  \\$aTitle on container: La primera carga al machete.
=500  \\$aSpanish dialogue, English subtitles.
=500  \\$aOriginally produced as motion picture in 1969.
=508  \\$aDirector, Manuel Octavio Gomez; screenplay, Manuel Octavio Gómez; producer, Miguel Mendoza; photography, Jorge Herrera; editor, Nelson Rodríquez; music, Leo Brouwer, Pablito Milanes.
=511  1\$aAdolfo Llaurado, José Rodríquez, Idalia Anreus.
=520  \\$aIn October 1868, Cuban peasants in Oriente Province take up machetes and rise up against the occupying Spanish forces.
=651  \0$aCuba$xHistory$yInsurrection, 1868-1878$vDrama.
=700  1\$aLlauradó, Adolfo.
=700  1\$aRodriguez, Jose.
=700  1\$aAnreus, Idalia.
=700  1\$aGómez, Manuel Octavio,$d1934-1988.
=700  1\$aMendoza, Miguel.
=710  2\$aInstituto Cubano de Arte e Industria Cinematográfica.
=740  3\$aLa primera carga al machete.
=852  0\$822250973760002311$bH$cVIDEO$h F1785$i .F5 1986
=966  \\$aprimo

