=LDR  01055cgm  2200313Ia 4500
=001  997899520102311
=005  20150603232534.0
=007  vf-cbahou
=008  930416p19921988nju---\\\\\\\\\\\\vleng\d
=035  \\$a(TU)000789952UTK01
=035  9\$a826551
=035  \\$a(OCoLC)27929091
=040  \\$aNDD$cNDD$dTKN
=049  \\$aTKN9
=090  \\$aML410.A235$bJ6
=099  \\$aML410.A235J6
=245  00$aJohn Adams, minimalism and beyond$h[videorecording] /$cproducer, Jim Berrow ; director, Barrie Gavin.
=260  \\$aPrinceton, NJ :$bFilms for the Humanities & Sciences,$cc1992.
=300  \\$a1 videocassette :$bsd., col. ;$c1/2 in.
=500  \\$aFilm originally made in 1988?
=520  \\$aDiscusses the minimalist composer, John Adams, and his music.
=538  \\$aVHS format.
=600  10$aAdams, John,$d1947-
=650  \0$aComposers$zUnited States$vInterviews.
=700  1\$aBerrow, Jim.
=700  1\$aGavin, Barrie.
=700  1\$aAdams, John,$d1947-
=710  2\$aFilms for the Humanities (Firm)
=852  0\$822176709540002311$bH$cVHS$hML410.A235$iJ6

