=LDR  00813cgm  2200205Ia 4500
=001  997880780102311
=005  20031001145727.0
=007  mr\caaadu\\\\\\\\\\\\\\
=008  930514q19701979xx\\\\\\\\\\\\\\\\mleng\d
=035  \\$a(TU)000788078UTK01
=035  9\$a824555
=090  \\$aLC214.2$b.S74
=099  \\$aLC214.2.S74
=245  04$aThe Sleeping child$h[motion picture] /$cproduced for Equal Educational Opportunities Program, U.S. Office of Education ; produced by Educational Opportunities Planning Center, the University of Tennessee.
=260  \\$c[197-?]
=300  \\$a1 film reel :$bsd., col. ;$c16 mm.
=650  \0$aSchool integration$zUnited States.
=710  2\$aUniversity of Tennessee, Knoxville.$bEducational Opportunities Planning Center.
=852  0\$822184071600002311$bSC$cARVIS$hLC214.2$i.S74
=966  \\$aprimo

