=LDR  01728cgm  2200385Ia 4500
=001  997840300102311
=005  20150603232449.0
=007  vf-cbahou
=008  900717p19901983nju087\e\\\\\\\\\\vleng\d
=035  \\$a(TU)000784030UTK01
=035  9\$a820239
=035  \\$a(OCoLC)22045303
=037  \\$a1254$bKultur.
=040  \\$aOFA$cOFA$dTKN
=049  \\$aTKN9
=090  \\$aML420.S77$bS8 1990
=099  \\$aML420.S77S8 1990
=245  10$aStrataSphere$h[videorecording]$bstarring Teresa Stratas /$cCBC Enterprises.
=260  \\$aW. Long Branch, NJ :$bKultur International Films, Ltd. [distributor],$c[1990?], c1983.
=300  \\$a1 videocassette (VHS) (87 min.) :$bsd., col.;$c1/2 in.
=440  \0$aOpera profile.
=500  \\$aA Canadian Broadcasting Corporation film production released in 1983.
=500  \\$aVHS format.
=500  \\$aHi-fi.
=500  \\$a"1254."
=508  \\$aProduced, directed and written by Harry Rasky ; Production manager, Len D'Agostino.
=511  1\$aTeresa Stratas, Franco Zeffirelli.
=520  \\$aA film portrait of one of the great voices of the present day. A mixture of interviews and performance footage including scenes from "Salome," "Der Zarewitsch" and "La Boheme." Ms. Stratas tells about her childhood as the daughter of poor Greek immigrants in Toronto; her rise to fame on stage at the Metropolitan Opera in New York; and her relationships with the famous, including Lotte Lenya and Mother Teresa.
=600  10$aStratas, Teresa.
=650  \0$aSingers$zCanada$vBiography.
=700  1\$aStratas, Teresa.
=700  1\$aRasky, Harry,$d1928-
=740  2\$aA portrait of Teresa Stratas$hvideorecording.
=852  0\$822192254590002311$bH$cVHS$hML420.S77$iS8 1990
=966  \\$aprimo

