=LDR  00848nkm  2200277 a 4500
=001  997812090102311
=005  20150603232401.0
=007  ki\co\
=008  930111s1992\\\\dcu\\\\\\\\\\f\\\\ineng\d
=035  \\$a(TU)000781209UTK01
=035  9\$a817317
=035  \\$a(OCoLC)27231801
=040  \\$aGPO$cGPO$dDLC
=043  \\$an-us---
=049  \\$aTKN8
=074  \\$a0080-H
=086  0\$aA 1.32:W 89
=099  \\$aA 1.32:W 89
=245  00$aWorld Food Day$h[picture] :$bnutrition, the bridge between food and health.
=260  \\$a[Washington, D.C.?] :$bU.S. Dept. of Agriculture,$c[1992?]
=300  \\$a1 poster :$bcol. ;$c56 x 44 cm.
=500  \\$aShipping list no.: 92-0577-P.
=500  \\$a"October 16, 1992."
=650  \0$aWorld Food Day.
=710  1\$aUnited States.$bDepartment of Agriculture.
=852  31$822217315580002311$bAGVET$cSUDOC$hA 1.32:W 89

