=LDR  02163cgm  2200481Ia 4500
=001  997922210102311
=005  20150603232645.0
=007  vf-cbahou
=008  930318s1993\\\\vtu060\e\\\\\\\\\\vleng\d
=035  \\$a(TU)000792221UTK01
=035  9\$a828935
=035  \\$a(OCoLC)27752780
=040  \\$aMST$cMST$dXTA$dTKN
=041  \\$aeng$apor$aspa$beng
=043  \\$acl-----$as-bl---$ancnq---
=049  \\$aTKNN
=090  \\$aF1408$b.A617 pt.6
=092  \\$a306.609$bMIR
=099  \\$aF1408.A617 pt.6
=245  00$aMiracles are not enough$h[videorecording] /$ca production of WGBH Boston and Central Television Enterprises for Channel 4, UK ; executive producer, Judith Vecchione ; written and produced and directed by Veronica L. Young.
=260  \\$aSouth Burlington, VT :$bAnnenberg/CPB Collection,$cc1993.
=300  \\$a1 videocassette (60 min.) :$bsd., col. ;$c1/2 in.
=440  \0$aAmericas ;$v6
=500  \\$aTitle on container: Miracles are not enough: continuity and change in religion.
=500  \\$aIn English, Spanish and Portuguese, with English subtitles and voiceovers.
=500  \\$aVHS format.
=511  0\$aRaul Julia, narrator.
=520  \\$aThis program examines the changing role of religion and the Catholic Church in Brazil and Nicaragua. In the last 30 years, the religious landscape has changed dramatically, with new religions challenging Catholicism, old and new beliefs mingling, and the Catholic Church undergoing remarkable changes.
=610  20$aCatholic Church$zBrazil.
=610  20$aCatholic Church$zNicaragua.
=650  \0$aChurch work with the poor$zLatin America.
=650  \0$aChurch and social problems$zLatin America.
=651  \0$aBrazil$xReligion.
=651  \0$aNicaragua$xReligion.
=700  1\$aJulia, Raul.
=700  1\$aVecchione, Judith.
=700  1\$aYoung, Veronica L.
=710  2\$aWGBH (Television station : Boston, Mass.)
=710  2\$aChannel Four (Great Britain)
=710  2\$aCentral Independent Television.
=730  0\$aAnnenberg/CPB collection.
=740  0\$aMiracles are not enough : continuity and change in religion.
=852  0\$822250973130002311$bH$cVIDEO$h F1408$i .A617 pt.6

