=LDR  01301cgm  2200289Ia 4500
=001  997805230102311
=005  20150603232400.0
=007  vf-cbahou
=008  870225s1981\\\\xxc030\\r\\\\\\\\\vleng\d
=035  \\$a(TU)000780523UTK01
=035  9\$a816622
=035  \\$a(OCoLC)15236710
=040  \\$aLOY$cLOY$dm/c$dTKN
=049  \\$aTKNk
=090  \\$aF2521$b.B7 1981
=099  \\$aF2521.B7 1981
=245  00$aBrazil$h[videorecording] :$bnew world in the tropics /$cWorld Film Productions and Ontario Educational Communications Authority.
=260  \\$aToronto, Ont. :$bTV Ontario ;$aShawnee Mission, Kansas :$bRMI Productions [distributor],$c1981.
=300  \\$a1 videocassette (30 min.) :$bsd., col. ;$c1/2 in. +$e1 classroom guide (iii, 6 p. ; 28 cm.)
=440  \0$aCountries and peoples
=500  \\$aVHS format.
=520  \\$aProvides an introduction to the study of Brazil from ancient to modern times. Takes the viewer from the first Portuguese exploration of the Brazilian coast in 1490 to the Brazil of today, discussing the various political, religious, social, and economic changes the country has endured.
=651  \0$aBrazil$xHistory.
=651  \0$aBrazil$xCivilization.
=710  2\$aWorld Film Productions.
=710  2\$aTVOntario.
=852  0\$822250971680002311$bH$cVIDEO$h F2521$i .B7 1981

