=LDR  01334ngm  2200349Ia 4500
=001  997884090102311
=005  20150603232517.0
=007  vf-cbahou
=008  930506s1989\\\\scu058\\\\\\\\\\\\vleng\d
=035  \\$a(TU)000788409UTK01
=035  9\$a824898
=035  \\$a(OCoLC)28054068
=040  \\$aTKN$cTKN
=049  \\$aTKN9
=090  \\$aMT1$b.K4 v.8
=099  \\$aMT1.K4 v.8
=245  00$aPiano labs in music education$h[videorecording] /$cproducer/director, Steve Folks ; produced for the Office of Instructional Technology, State Dept. of Education by South Carolina ETV.
=260  \\$aColumbia, S.C. :$bS.C. ETV,$cc1989.
=300  \\$a1 videocassettee (57:50) :$bsd., col. ;$c1/2 in.
=440  \0$aKey changes : a seminar for music educators ;$v8
=500  \\$aVHS format.
=508  \\$aClint Bryson, Don Mills, Robert Rothstein, cameras ; Elaine Cooper, editor.
=511  0\$aMarianne Holland, instructor ; Ray Doughty, series host.
=518  \\$aRecorded Sept. 14, 1989.
=520  \\$aMarianne Holland discusses group piano instruction.
=650  \0$aPiano$vMethods$vGroup instruction.
=700  1\$aHolland, Marianne,$d1834-1920.
=700  1\$aDoughty, Ray.
=700  1\$aFolks, Steve.
=710  2\$aSouth Carolina Educational Television Network.
=852  0\$822184090900002311$bH$cVHS$hMT1$i.K4 v.8
=966  \\$aprimo

