=LDR  01283cgm  2200301Ia 4500
=001  997881240102311
=005  20150603232521.0
=007  vf-cbahou
=008  930302s1992\\\\nju045\er\\\\\\\\\vleng\d
=020  \\$a1882390008 (Participant Workbook)
=020  \\$a1882390016 (Leader's Guide)
=035  \\$a(TU)000788124UTK01
=035  9\$a824602
=035  \\$a(OCoLC)27655429
=040  \\$aZCW$cZCW$dTKN
=049  \\$aTKNk
=090  \\$aHD62.4$b.D6 1992
=099  \\$aHD62.4.D6 1992
=245  00$aDoing business internationally :$bthe cross-cultural challenges.
=260  \\$a[Princeton, NJ] :$bMultiMedia Inc.,$cc1992.
=300  \\$a1 videocassette (45 min.) :$bsd., col., ;$c1/2 in. +$e1 sound cassette + 1 Leader's Guide + 1 Participant Workbook.
=500  \\$aSupport materials by Princeton Training Press, a division of Training Management Corporation.
=520  \\$aProvides a solid foundation on which participants can build skills needed to conduct business in a variety of cultural settings and thereby meet the global business challenge.
=650  \0$aInternational business enterprises$xManagement.
=710  2\$aMultiMedia Inc.
=710  2\$aPrinceton Training Press.
=710  2\$aTraining Management Corporation.
=852  0\$822250958040002311$bH$cVIDEO$h HD62.4$i .D6 1992

