=LDR  01711ngm  2200421 a 4500
=001  997999680102311
=005  20150603232751.0
=007  vf-cbahou
=008  910125s1987\\\\nyu098\\\\\\\\\\\0vleng\d
=035  \\$a(TU)000799968UTK01
=035  9\$a836968
=035  \\$a(OCoLC)23804374
=040  \\$aHUH$cHUH$dTKN
=049  \\$aTKNk
=090  \\$aPN1997$b.S643
=099  \\$aPN1997.S643
=245  04$aThe Sorceress and the friar$h[videorecording]
=260  \\$aNew York, NY. :$bMystic Fire Video,$cc1987.
=300  \\$a1 videocassette (98 min.) :$bsd., col. ;$c1/2 in.
=500  \\$aVHS format.
=500  \\$aEnglish language version.
=500  \\$aTitle on container and label: Sorceress.
=500  \\$aVideocassette release of the 1988 motion picture.
=500  \\$aOriginal motion picture filmed simultaneously in English and French.
=508  \\$aDirector, Suzanne Schiffman ; producers, Pamela Berger, Annie Leibovici, Georges Reinhart ; scenario, Pamela Berger, Suzanne Schiffman ; story by Pamela Berger.
=511  1\$aTcheky Karyo, Christine Boisson, Jean Carmet.
=520  \\$aStory of medieval life and faith in 13th-century France, which centers on the confrontation between a forest woman and healer and the righteous Dominican friar sent by the Pope to her village as an inquisitor to seek out heretics.
=650  \0$aInquisition$zFrance$vDrama.
=650  \0$aFeature films.
=700  1\$aSchiffman, Suzanne.
=700  1\$aBerger, Pamela C.
=700  1\$aKaryo, Tchéky,$d1953-
=700  1\$aBoisson, Christine,$d1957-
=700  1\$aCarmet, Jean.
=710  2\$aMystic Fire Video.
=740  0\$aSorceress.
=852  0\$822250971280002311$bH$cVIDEO$h PN1997$i .S643
=966  \\$aprimo

