=LDR  00810cgm  2200205Ia 4500
=001  997880790102311
=005  20031001145651.0
=007  mr\caaadu\\\\\\\\\\\\\\
=008  930514q19701979xx\\\\\\\\\\\\\\\\mleng\d
=035  \\$a(TU)000788079UTK01
=035  9\$a824556
=090  \\$aLC214.2$b.S73
=099  \\$aLC214.2.S73
=245  02$aA Spirit problem$h[motion picture] /$cproduced for Equal Educational Opportunities Program, U.S. Office of Education ; produced by Educational Opportunities Planning Center, the University of Tennessee.
=260  \\$c[197-?]
=300  \\$a1 film reel :$bsd., col. ;$c16 mm.
=650  \0$aSchool integration$zUited States.
=710  2\$aUniversity of Tennessee, Knoxville.$bEducational Opportunities Planning Center.
=852  0\$822184102150002311$bSC$cARVIS$hLC214.2$i.S73
=966  \\$aprimo

