=LDR  01258ngm  2200301Ia 4500
=001  997832470102311
=005  20150603232429.0
=007  vf\cbahou
=008  890111s1987\\\\nyu057\\\\\\\\\\\\vueng\d
=035  \\$a(TU)000783247UTK01
=035  9\$a819445
=035  \\$a(OCoLC)19006327
=040  \\$aMFM$cMFM$dTKN
=049  \\$aTKNk
=090  \\$aNA737.G44$bF7355 1987
=245  00$aFrank Gehry$h[videorecording] /$ca coproduction of Michael Blackwood Productions [and] Westdeutscher Rundfunk.
=260  \\$aNew York, N.Y. :$bMichael Blackwood Productions,$c1987.
=300  \\$a1 videocassette (57 min.) :$bsd., col. ;$c1/2 in.
=500  \\$aVHS format.
=508  \\$aPhotographed by Christian Blackwood, edited by Joan Franklin; produced and directed by Michael Blackwood.
=520  \\$aThis film captures an important junction in Frank Gehry's life, the quantum leap from small commissions for private clients to large projects for corporations.
=590  \\$aVHS CAN NOT BE CIRCULATED THRU INTERLIBRARY LOAN.
=600  10$aGehry, Frank O.,$d1929-
=700  1\$aBlackwood, Michael.
=700  1\$aFranklin, Joan.
=710  2\$aMichael Blackwood Productions.
=710  2\$aWestdeutscher Rundfunk.
=852  0\$822250947830002311$bH$cVIDE2$h NA737.G44$i F7355 1987

