=LDR  01606cgm  2200313Ia 4500
=001  997824100102311
=005  20150603232416.0
=007  vf\cbahou
=008  920514s1991\\\\nyu058\\\\\\\\\\\\vleng\d
=035  \\$a(TU)000782410UTK01
=035  9\$a818596
=035  \\$a(OCoLC)25812745
=040  \\$aVPI$cVPI$dTKN
=049  \\$aTKNk
=090  \\$aNA1559.I79$bA7 1991
=245  00$aArata Isozaki II$h[videorecording] /$cproduced by Michael Blackwood Productions, Inc. ; in association with Delphi Research, Inc., Tokyo ; producer and director, Michael Blackwood.
=260  \\$a[New York, NY] :$bMichael Blackwood Productions,$cc1991.
=300  \\$a1 videocassette (58 min.) :$bsd., col. ;$c1/2 in.
=500  \\$aVHS format.
=508  \\$aPhotographer, Mark Trottenberg ; additional photography, Mead Hunt, Christian Blackwood ; editor, Stephen Plumlee ; additional interviews, Jackie Kestenbaum ; Japanese texts, Kazumi Futagawa.
=511  0\$aNarrator, Kenneth Frampton ; voice over, Kazumi Futagawa, Hisa Ota.
=520  \\$aProfiles some of Isozaki's major projects of the 1980's, including Los Angeles' Museum of Contemporary Art, the Hara Museum and the Mito Art Hall in Japan, New York's Palladium discotheque, the Disneyworld Headquarters in Florida, and the Barcelona Sports Palace.
=590  \\$aVHS CAN NOT BE CIRCULATED THRU INTERLIBRARY LOAN.
=600  10$aIsozaki, Arata.
=650  \0$aArchitecture, Modern$y20th century.
=700  1\$aBlackwood, Michael.
=710  2\$aMichael Blackwood Productions.
=710  2\$aDerufai Kenkyūjo.
=852  0\$822250946580002311$bH$cVIDE2$h NA1559.I79$i A7 1991

