=LDR  01975ngm  2200433Ia 4500
=001  997807140102311
=005  20150603232357.0
=007  vf-cbahou
=008  930303s1989\\\\scu058\fr\\\\\\\\\vleng\d
=020  \\$cFor sale ( 69.95)
=035  \\$a(TU)000780714UTK01
=035  9\$a816815
=035  \\$a(OCoLC)27656909
=040  \\$aIBS$cIBS$dTKN
=049  \\$aTKN9
=090  \\$aMT1$b.K4 v.13
=099  \\$aMT1.K4 v.13
=245  00$aPlanning successful rehearsals$h[videorecording] /$cproducer/director, Steve Folks; produced for the Office of Instructional Technology, State Department of Education, by South Carolina ETV.
=260  \\$aColumbia, SC :$bSouth Carolina Educational Television Network,$cc1989.
=300  \\$a1 videocassette (57 min., 50 sec.) :$bsd., col. ;$c1/2 in. +$e1 series guide.
=440  \0$aKey changes : a seminar for music educators ;$v13
=500  \\$aTitle on cassette label and container: Sucessful [sic] rehersal [sic].
=500  \\$a1263-0015.
=508  \\$aCamera operators, Clint Bryson, Don Mills, Robert Rothstein; editor, Elaine Cooper.
=511  0\$aSeries host: Ray Doughty.
=518  \\$aRecorded on Sept. 15, 1989.
=520  \\$aPresents a lecture by Dr. William J. Moody, Director, School of Music, University of South Carolina, who discusses the essential step in planning rehearsals, the parts of a rehearsal, choice of music, score preparation, morale boosters, and time savers. A brief period of questions and answers follows.
=521  1\$aMusic educators.
=538  \\$aVHS-Standard play.
=650  \0$aMusic rehearsals.
=700  1\$aFolks, Steve.
=700  1\$aDoughty, Ray.
=700  1\$aMoody, Bill,$d1941-
=710  1\$aSouth Carolina.$bOffice of Instructional Technology.
=710  2\$aSouth Carolina Educational Television Network.
=710  2\$aUniversity of South Carolina.$bSchool of Music.
=740  0\$aSuccessful rehearsal.
=852  0\$822214175250002311$bH$cVHS$hMT1$i.K4 v.13
=966  \\$aprimo

