=LDR  01012cgm  2200301Ia 4500
=001  997923550102311
=005  20150603232646.0
=007  vf-cbahou
=008  930322s1993\\\\nvu120\\\\\\\\\\\\vleng\d
=035  \\$a(TU)000792355UTK01
=035  9\$a829073
=035  \\$a(OCoLC)27775622
=040  \\$aJQF$cJQF$dTKN
=049  \\$aTKNk
=090  \\$aE185.97.L5$bT7 1993
=092  \\$a920$b2 20
=099  \\$aE185.97.L5T7 1993
=245  04$aThe True Malcolm X speaks$h[videorecording] /$c[compiled by Debra D. Bass]
=260  \\$aLas Vegas, NV :$bLibrary Distributors of America,$c[1993].
=300  \\$a2 videocassettes (120 min) :$bsd., col. ;$c1/2 in.
=500  \\$aVHS format.
=520  \\$aA unique portrait of Malcolm X emerges from rare archival materials which document his life and times.
=600  10$aX, Malcolm,$d1925-1965.
=650  \0$aAfrican Americans$vBiography.
=650  \0$aBlack Muslims.
=700  1\$aBass, Debra D.
=852  0\$822250972690002311$bH$cVIDEO$h E185.97.L5$i T7 1993
=966  \\$aprimo

