=LDR  01352cgm  2200337Ia 4500
=001  997979740102311
=005  20150603232731.0
=007  vf-cbahou
=008  860123s1985\\\\ctu096\\\\\\\\\\\\vlswe\d
=035  \\$a(TU)000797974UTK01
=035  9\$a834937
=035  \\$a(OCoLC)13051167
=040  \\$aPSC$cPSC$dTKN$dm/c$dTKN
=041  \\$aswe$beng
=049  \\$aTKNN
=090  \\$aPN1997$b.W524
=099  \\$aPN1997.W524
=245  04$aThe Wild duck$h[videorecording] /$cdirected by Henri Safran [i.e. Safron] ; produced by Phillip Emanuel ; screenplay by Tutte Lemkow, Dido Merwin, Henri Safran [i.e. Safron]
=260  \\$aStamford, Conn. :$bVestron Video,$c1985.
=300  \\$a1 videocassette (96 min.) :$bsd., col. ;$c1/2 in.
=500  \\$aVHS format.
=508  \\$aMusic, Simon Walker ; photography, Peter James ; editor, Don Saunders.
=511  1\$aLiv Ullmann, Jeremy Irons, Lucinda Jones.
=520  \\$aA dramatization of Henrik Ibsen's play of the same title, about a middle class family whose illusions of happiness and comfort are shattered by the arrival of a self-proclaimed truthteller.
=650  \0$aFeature films.
=700  1\$aIbsen, Henrik,$d1828-1906.$tVildanden.
=700  1\$aUllmann, Liv.
=700  1\$aIrons, Jeremy,$d1948-
=700  1\$aSafron, Henri.
=852  0\$822250970420002311$bH$cVIDEO$h PN1997$i .W524
=966  \\$aprimo

