=LDR  01333cgm  2200373Ia 4500
=001  997811950102311
=005  20150603232358.0
=007  vf-cba-ou
=008  930217s1992\\\\nju012\\\\\\\\\\\\vleng\d
=035  \\$a(TU)000781195UTK01
=035  9\$a817302
=035  \\$a(OCoLC)27456398
=040  \\$aMFM$cMFM$dTKN
=049  \\$aTKN5
=090  \\$aSF396.5$b.V5853 1992
=099  \\$aSF396.5.V5853 1992
=245  00$aVitamin E for swine$h[videorecording]
=260  \\$aKenilworth, NJ :$bSchering-Plough Animal Health,$c1992.
=300  \\$a1 videocassette (app. 12 min.) :$bssd., col. ;$c1/2 in. +$e1 guide (7 p. ; 28 cm.)
=500  \\$aTitle of video and guide same.
=500  \\$aAuthor of guide is L.R. McDowell.
=500  \\$aBibliography: guide, pages 7-[8]
=500  \\$aAlso has title: Vitamin E, a crucial link to peak performance.
=511  0\$aModerator: Donald C. Mahan.
=650  \0$aSwine$xNutrition.
=650  \0$aSwine$xFeeding and feeds.
=650  \0$aVitamin E in animal nutrition.
=700  1\$aMahan, Donald C.
=700  1\$aMcDowell, L. R.,$d1941-
=710  2\$aSchering-Plough Animal Health.
=740  0\$aVitamin E, a crucial link to peak performance.
=852  0\$822217311720002311$bAGVET$cSTACK$hSF396.5$i.V5853 1992
=852  0\$822217311770002311$bAGVET$cVIDEO$hSF396.5$i.V5853 1992
=966  \\$aprimo

