=LDR  00979ckm  2200289Ia 4500
=001  997946250102311
=005  20150603232648.0
=007  kn-cob
=008  860818s1984\\\\be\nnn\\\\\\\\\\\\nneng\d
=035  \\$a(TU)000794625UTK01
=035  9\$a831406
=035  \\$a(OCoLC)14103717
=040  \\$aLBD$cLBD$dm/c$dIPL$dOCL$dTKN
=049  \\$aTKNA
=090  \\$aSF914.5$b.J35 1984
=092  \\$a636.70895892$bJ267a
=099  \\$aSF914.5.J35 1984
=100  1\$aJanssens, Luc A. A.
=245  10$aAcupuncture points and meridians in the dog$h[chart] /$cLuc A.A. Janssens.
=260  \\$aAntwerp, Belgium :$bL. Janssens ;$aChester Springs, Pa. :$bDistributed by the International Veterinary Acupuncture Society,$c1984.
=300  \\$a7 charts (in portfolio) ;$c42 x 35 cm.
=500  \\$aTitle from portfolio.
=650  \0$aVeterinary acupuncture.
=650  \0$aAcupuncture points.
=650  \0$aDogs$xDiseases.
=852  0\$822163905540002311$bAGVET$cOVER$hSF914.5$i.J35 1984
=966  \\$aprimo

