=LDR  01289cgm  2200313 a 4500
=001  997748100102311
=005  20150603232228.0
=007  vf-cbaho-
=008  880609r19881962ilu029\\\\\\\\\\\0vneng\d
=035  \\$a(TU)000774810UTK01
=035  9\$a810744
=035  \\$a(OCoLC)18064647
=040  \\$aCSG$cCSG$dTKN
=049  \\$aTKNk
=090  \\$aPA4279.A8$bP5
=099  \\$aPA4279.A8P5
=245  00$aPlato's Apology$h[videorecording] :$bthe life and teaching of Socrates.
=260  \\$aChicago, IL :$bEncyclopaedia Britannica Educational Corp.,$c[198-?], 1962.
=300  \\$a1 videocassette (29:20) :$bsd., col. ;$c1/2 in.
=440  \0$aClassical Greece ;$vno. 2
=500  \\$aVHS format.
=508  \\$aNarrator, Mortimer J. Adler.
=520  \\$aMortimer J. Adler introduces Socrates first as a man who perplexed, inspired, and enraged his fellow citizens; then as a teacher who revolutionized the concept of the teacher's role; and finally, as a philosopher who disturbed the complacency of men's minds for all times.
=600  00$aSocrates.
=600  00$aPlato.$tApology.
=700  1\$aAdler, Mortimer Jerome,$d1902-
=710  2\$aEncyclopaedia Britannica Educational Corporation.
=740  4\$aThe life and teachings of Socrates.
=852  0\$822250974790002311$bH$cVIDEO$h PA4279.A8$i P5

