=LDR  01349ngm  2200325Ia 4500
=001  997824110102311
=005  20150603232416.0
=007  vf\cbahou
=008  891201s1985\\\\nyu059\\\\\\\\\\\\vleng\d
=035  \\$a(TU)000782411UTK01
=035  9\$a818597
=035  \\$a(OCoLC)20720806
=040  \\$aCIN$cCIN$dTKN
=049  \\$aTKNk
=090  \\$aNA737.M44$bR5 1985
=245  00$aRichard Meier$h[videorecording] /$ca coproduction of Michael Blackwood Productions, Westdeutscher Rundfunk, Sveriges Television AB/SVT ; produced and directed by Michael Blackwood ; narration written and spoken by Suzanne Stephens.
=260  \\$aNew York, NY :$bM. Blackwood Productions,$cc1985.
=300  \\$a1 videocassette (58 min., 37 sec.) :$bsd., col. ;$c1/2 in.
=500  \\$aVHS format.
=508  \\$aPhotography, Mead Hunt ; editor, Joelle Schon.
=520  \\$aRichard Meier speaks about his buildings and his philosophy of architecture.
=590  \\$aVHS CAN NOT BE CIRCULATED THRU INTERLIBRARY LOAN.
=600  10$aMeier, Richard,$d1934-
=650  \0$aArchitects$zUnited States.
=650  \0$aArchitecture$zUnited States$xHistory$y20th century.
=700  1\$aBlackwood, Michael.
=710  2\$aMichael Blackwood Productions.
=710  2\$aWestdeutscher Rundfunk.
=710  2\$aSveriges television.
=852  0\$822250946070002311$bH$cVIDE2$h NA737.M44$i R5 1985

