=LDR  01177cgm  2200301Ia 4500
=001  997824070102311
=005  20150603232415.0
=007  vf\cbahou
=008  920117s1991\\\\nyu028\\\\\\\\\\\\vleng\d
=035  \\$a(TU)000782407UTK01
=035  9\$a818593
=035  \\$a(OCoLC)25127684
=040  \\$aIDB$cIDB$dTKN
=049  \\$aTKNk
=090  \\$aNA737.H36$bJ6 1991
=245  00$aJohn Hejduk, builder of worlds$h[videorecording] :$ba conversation with David Shapiro /$cwriter and consultant, David Shapiro ; director and producer, Michael Blackwood.
=260  \\$aNew York, NY :$bMichael Blackwood Productions,$cc1991.
=300  \\$a1 videocassette (VHS) (28 min.) :$bsd., col. ;$c1/2 in.
=500  \\$aTitle on container: Hejduk : builder of worlds.
=520  \\$aInterview with influential architect and teacher, John Hejduk.
=590  \\$aVHS CAN NOT BE CIRCULATED THRU INTERLIBRARY LOAN.
=600  10$aHejduk, John,$d1929-
=650  \0$aArchitects$zUnited States.
=700  1\$aShapiro, David.
=700  1\$aBlackwood, Michael.
=710  2\$aMichael Blackwood Productions.
=740  0\$aHejduk : builder of worlds.
=852  0\$822250975830002311$bH$cVIDE2$h NA737.H36$i J6 1991

