=LDR  01969cgm  2200481Ia 4500
=001  997922180102311
=005  20150603232644.0
=007  vf-cbahou
=008  930317s1993\\\\vtu060\e\\\\\\\\\\vleng\d
=035  \\$a(TU)000792218UTK01
=035  9\$a828932
=035  \\$a(OCoLC)27746994
=040  \\$aMST$cMST$dXTA$dTKN
=041  \\$aeng$aspa$beng
=043  \\$an-mx---$acl-----
=049  \\$aTKNN
=090  \\$aF1408$b.A617 pt.3
=092  \\$a972.083$bCON
=099  \\$aF1408.A617 pt.3
=245  00$aContinent on the move$h[videorecording] /$ca production of WGBH Boston and Central Television Enterprises for Channel 4, UK ; executive producer ; Judith Vecchione ; produced and directed by Raymond Telles, Marc De Beaufort ; written by Raymond Telles, Judith Vecchione.
=260  \\$aSouth Burlington, VT :$bAnnenberg/CPB Collection,$cc1993.
=300  \\$a1 videocassette (60 min.) :$bsd., col. ;$c1/2 in.
=440  \0$aAmericas ;$v3
=500  \\$aTitle on container: Continent on the move: migration and urbanization.
=500  \\$aIn English and Spanish, with English subtitles and voiceovers.
=500  \\$aVHS format.
=500  \\$aRaul Julia, narrator.
=520  \\$aThis program focuses on Mexico and the migration from rural areas to the cities. Examines the social and economic problems in present day Mexico.
=650  \0$aRural-urban migration$zMexico.
=650  \0$aUrbanization$zMexico.
=651  \0$aMexico$xEconomic conditions.
=651  \0$aMexico$xSocial conditions.
=651  \0$aLatin America.
=700  1\$aJulia, Raul.
=700  1\$aVecchione, Judith.
=700  1\$aTelles, Ray.
=700  1\$aDeBeaufort, Marc.
=710  2\$aWGBH (Television station : Boston, Mass.)
=710  2\$aChannel Four (Great Britain)
=710  2\$aCentral Independent Television.
=730  0\$aAnnenberg/CPB collection.
=740  0\$aContinent on the move: migration and urbanization.
=852  0\$822250973050002311$bH$cVIDEO$h F1408$i .A617 pt.3

