=LDR  01133agm  2200289u  4500
=001  998034080102311
=005  20150603232825.0
=007  mr-caaad\\\\\\\\\\\\\\\
=008  771202s1976\\\\xxu013\e\\\\\f\\\0mlengmc
=010  \\$a77702336 /F
=035  \\$a(TU)000803408UTK01
=035  9\$a840451
=035  \\$a(OCoLC)05644781
=040  \\$aNational Audiovisual Center$cDLC$dm.c.$dTKN
=049  \\$aTKNk
=050  \\$aQB531
=090  \\$aQB531$b.S48
=099  \\$aQB531.S48
=245  00$aSkylab and the Sun.$h[motion picture] /$cUnited States Marshall Space Flight Center.
=260  \\$aHuntsville, Ala. :$bThe Center ;$aWashington :$bdistributed by National Audiovisual Center,$c1976.
=300  \\$a1 reel, 13 min. :$bsd.,col. ;$c16 mm.
=520  \\$aPresents information gathered from the Skylab missions about the Sun's behavior, solar energy, plasma flow, and mass/thermal transfer, and shows how this information can be used to man's advantage.
=610  20$aSkylab Program.
=651  \0$aSun$vObservations.
=710  2\$aGeorge C. Marshall Space Flight Center.
=852  0\$822159212290002311$bST$cFILM$hQB531$i.S48
=966  \\$aprimo

