=LDR  01377ngm  2200349 a 4500
=001  998005240102311
=005  20150603232757.0
=007  vf-cbaho-
=008  880509s1988\\\\miu060\ez\\\\\\\\0vceng\d
=020  \\$a0939865289
=035  \\$a(TU)000800524UTK01
=035  9\$a837535
=035  \\$a(OCoLC)17929086
=040  \\$aIUL$cIUL$dTKN
=043  \\$an------
=049  \\$aTKN5
=090  \\$aQK98.5.A1$bE35 1988
=099  \\$aQK98.5.A1E35 1988
=245  00$aEdible wild plants$h[videorecording] /$cwith Jim Meuninck ; co-author, Jim Duke.
=260  \\$aEdwardsburg, MI. :$bMedia Methods,$cc1988.
=300  \\$a1 videocassette (VHS) (60 min.) :$bsd., col. ;$c1/2 in.
=500  \\$aGenus species index laid in container.
=500  \\$aContainer has subtitle: Video field guide to 100 useful wild herbs.
=508  \\$aAnimation by Image Associates of Indiana.
=520  \\$aBotanists Dr. Jim Duke and Jim Meuninck take the viewer afield, foraging for useful wild botanicals and identifying 100 edible plants. Includes recipes, Amerindian and folk uses, and identifies several poisonous plants.
=650  \0$aWild plants, Edible$zNorth America.
=650  \0$aCooking (Wild foods)
=700  1\$aMeuninck, James,$d1942-
=700  1\$aDuke, James A.,$d1929-
=710  2\$aMedia Methods (Firm)
=852  0\$822175581680002311$bAGVET$cVIDEO$hQK98.5.A1$iE35 1988
=966  \\$aprimo

