=LDR  01912ngm  2200445Ia 4500
=001  997829730102311
=005  20150603232429.0
=007  vf-bbahou
=008  870908s1985\\\\nju068\g\\\\\\\\\\vlita\d
=020  \\$c39.95
=035  \\$a(TU)000782973UTK01
=035  9\$a819168
=035  \\$a(OCoLC)16653644
=040  \\$aFBR$cFBR$dTKN
=049  \\$aTKN9
=090  \\$aM1505.C22$bM37 1985
=099  \\$aM1505.C22M37 1985
=245  00$aMaria Callas Hamburg concert 1959$h[videorecording] /$cCallas International, B.V.
=260  \\$aWest Long Branch, N.J. :$bKultur International Films,$cc1985.
=300  \\$a1 videocassette (68 min.) :$bsd., b&w ;$c1/2 in.
=500  \\$aVHS format.
=500  \\$a1155.
=505  0\$aLa Vestale : Tu che invoco / Spontini -- Macbeth : Nel dí della vittoria -- Il Barbiere di Siviglia : Una voce poca fa / Rossini -- Don Carlo : Tu che la vanitá / Verdi -- Il pirata : O s'io potessi / Bellini.
=508  \\$aPhotography, Christian Steiner.
=511  1\$aMaria Callas, soprano ; Sinfonieorchester des NDR ; Nicola Rescigno, conductor.
=518  \\$aRecorded in Musikhalle, Hamburg, Germany, May 15, 1959.
=650  \0$aOperas$vExcerpts.
=700  1\$aCallas, Maria,$d1923-1977.
=700  1\$aSpontini, Gaspare,$d1774-1851.$tVestale.$pTu che invoco.
=700  1\$aVerdi, Giuseppe,$d1813-1901.$tMacbeth.$pVieni! t'affretta!
=700  1\$aRossini, Gioacchino,$d1792-1868.$tBarbiere di Siviglia.$pVoce poco fa
=700  1\$aVerdi, Giuseppe,$d1813-1901.$tDon Carlos.$pToi qui sus le néant.
=700  1\$aBellini, Vincenzo,$d1801-1835.$tPirata,$pO s'io potessi.
=700  1\$aRescigno, Nicola.
=710  2\$aCallas International, B.V.
=710  2\$aKultur International Films.
=710  2\$aNorddeutscher Rundfunk.$bSinfonie-Orchester.
=740  0\$aHamburg concert 1959$hvideorecording
=852  0\$822155316100002311$bH$cVHS$hM1505.C22$iM37 1985
=966  \\$aprimo

