=LDR  03094cgm  2200613Ia 4500
=001  997791700102311
=005  20150603232341.0
=007  vf-bbahou
=008  920121p19901958xx\030\e\\\\\\\\\\vleng\d
=020  \\$a1561959804
=035  \\$a(TU)000779170UTK01
=035  9\$a815251
=035  \\$a(OCoLC)25139912
=040  \\$aTXX$cTXX$dOCL$dTKN
=041  \\$aeng$afre$aita
=049  \\$aTKN9
=090  \\$aM1505.M56$bA5 1990
=092  \\$a782.1
=099  \\$aM1505.M56A5 1990
=245  00$aAnna Moffo in opera and song$h[videorecording] /$cVideo Artists International, in association with New England Conservatory.
=260  \\$aNew York :$bVideo Artists International,$cc1990.
=300  \\$a1 videocassette (30 min.) :$bsd., b&w ;$c1/2 in.
=440  \0$aVoice of Firestone classic performances
=500  \\$aVHS hi-fi.
=500  \\$aTitle from cassette label and container.
=500  \\$aRobert Merrill sings Some enchanted evening and accompanies Anna Moffo singing Climb every mountain.
=500  \\$aVideocassette release of the original kinescope masters preserved in the archives of New England Conservatory, Boston, Mass.
=500  \\$a"69114."
=505  0\$aIf I could tell you / Firestone -- La Bohème. Musetta's waltz / Puccini -- Madama Butterfly. Un bel di / Puccini -- Faust. Jewel song / Gounod -- It's a grand night for singing / Rodgers -- Some enchanted evening / Rodgers-Hammerstein -- Climb every mountain / Rodgers- Hammerstein -- I Pagliacci. Ballatella / Leoncavallo -- Love is where you find it / Brown -- In my garden / Firestone.
=508  \\$aProduction coordinator, Allan Altman.
=511  0\$aAnna Moffo, soprano, Robert Merrill, baritone ; Howard Barlow, Glenn Osser, Arthur Fiedler, conductors.
=518  \\$aOriginally broadcast as Voice of Firestone television program on Sept. 22, 1958, Jan. 13, 1963, and March 10, 1963.
=650  \0$aOperas$vExcerpts.
=650  \0$aPopular music.
=650  \0$aSongs with orchestra.
=700  1\$aMoffo, Anna.
=700  1\$aMerrill, Robert,$d1917-
=700  1\$aBarlow, Howard,$d1892-1972.
=700  1\$aOsser, Glenn.
=700  1\$aFiedler, Arthur,$d1894-1979.
=700  1\$aFirestone, Idabelle.$tIf I could tell you.
=700  1\$aPuccini, Giacomo,$d1858-1924.$tBohème.$pQuando me'n vo.
=700  1\$aPuccini, Giacomo,$d1858-1924.$tMadama Butterfly.$pUn bel dì, vedremo.
=700  1\$aGounod, Charles,$d1818-1893.$tFaust.$pJe ris de me voir si belle.
=700  1\$aRodgers, Richard,$d1902-$tState fair.$pIt's a grand night for singing.
=700  1\$aRodgers, Richard,$d1902-$tSouth Pacific.$pSome enchanted evening.
=700  1\$aRodgers, Richard,$d1902-$tSound of music.$pClimb every mountain.
=700  1\$aLeoncavallo, Ruggiero,$d1858-1919.$tPagliacci.$pQual fiamma avea nel guardo.
=700  1\$aBrown, Nacio Herb,$d1896-$tLove is where you find it.
=700  1\$aFirestone, Idabelle.$tIn my garden.
=710  2\$aNew England Conservatory of Music.
=710  2\$aVideo Artists International.
=852  0\$822159831150002311$bH$cVHS$hM1505.M56$iA5 1990
=966  \\$aprimo

