=LDR  02947ngm  2200565Ia 4500
=001  997841970102311
=005  20150603232446.0
=007  vf-cbahou
=008  930405p19921968nju048\\\\\\\\\\\\vlfre\d
=035  \\$a(TU)000784197UTK01
=035  9\$a820408
=035  \\$a(OCoLC)27858405
=037  \\$a69070$bVideo Artists International
=040  \\$aTKN$cTKN
=041  \\$afre$aspa
=049  \\$aTKN9
=090  \\$aM1619$b.M34 1992
=099  \\$aM1619.M34 1992
=245  04$aThe Magnificent Victoria de los Angeles$h[videorecording] /$cVideo Artists International.
=260  \\$aNew Jersey :$bVideo Artists Internatioal,$cc1992.
=300  \\$a1 videocassette (48 min.) :$bsd., col. ;$c1/2 in.
=500  \\$aVHS Hi-Fi.
=500  \\$aTitle from cassette label and container.
=500  \\$a"69070."
=505  0\$aEl Tra la la y el punteado / Granados -- Granadina / Nin -- El Vito / Nin -- Malagueña / Nin -- Clavelitos / Valverde -- La Tempranica. Zapateado / Giménez -- Au bord de l'eau / Fauré -- Les roses d'Ispahan / Fauré -- Toujours / Fauré -- Chanson Espagnole / Ravel -- Chanson Française / Ravel -- Chanson Italienne / Ravel -- Chanson Hebraïque / Ravel -- Cançó de grumet / Toldrà -- As Froliñas dos toxos / Toldrà -- Farruca / Turina -- De los álamos vengo, madre / Rodrigo -- Canción de cuna para dormir a un negrito / Montsalvatge.
=511  0\$aVictoria de los Angeles, soprano ; Gerald Moore, piano.
=518  \\$aTaped in the studios of the British Broadcasting Corporation on December 17, 1968.
=650  \0$aSongs (High voice) with piano.
=650  \0$aSongs, Spanish.
=650  \0$aSongs, French.
=700  1\$aAngeles, Victoria de los.
=700  1\$aMoore, Gerald.
=700  1\$aGranados, Enrique,$d1867-1916.$tTonadillos.$pEl tra la la y el punteado.
=700  1\$aNin, Joaquín,$d1879-1949.$tChants populaires espagnols.$pGranadina.
=700  1\$aNin, Joaquín,$d1879-1949.$tEl Vito.
=700  1\$aNin, Joaquín,$d1879-1949.$tMalagueña.
=700  1\$aValverde, Joaquín,$d1846-1910.$tClavelitos.
=700  1\$aGiménez, Gerónimo,$d1854-1923.$tTempranica.$pZapateado.
=700  1\$aFauré, Gabriel,$d1845-1924.$tAu bord de l'eau.
=700  1\$aFauré, Gabriel,$d1845-1924.$tRoses d'Ispahan.
=700  1\$aFauré, Gabriel,$d1845-1924.$tPoème d'un jour.$pToujours.
=700  1\$aRavel, Maurice,$d1875-1937.$tChants populaires.$kSelections.
=700  1\$aToldrà, Eduardo.$tA l'ombra del Lledoner.$pCançó de grumet.
=700  1\$aToldrà, Eduardo.$tCanciones gallegas.$pAs froliñas dos toxos.
=700  1\$aTurina, Joaquín,$d1882-1949.$tTríptico.$pFarruca.
=700  1\$aRodrigo, Joaquín.$tMadrigales amatorios.$pDe los álamos vengo, madre
=700  1\$aMontsalvatge, Xavier,$d1912-$tCanciones negras.$pCanción de cuna para dormir a un negrito.
=710  2\$aVideo Artists International.
=852  0\$822192298970002311$bH$cVHS$hM1619$i.M34 1992
=966  \\$aprimo

