=LDR  02054cgm  2200385Ia 4500
=001  997899500102311
=005  20150603232533.0
=007  vf-cbahou
=008  910220s1991\\\\nju090\e\\\\\\\\\\vleng\d
=035  \\$a(TU)000789950UTK01
=035  9\$a826549
=035  \\$a(OCoLC)23127988
=040  \\$aPMD$cPMD$dTQL$dTKN
=043  \\$ae-ge---
=049  \\$aTKN9
=090  \\$aML410.B1$bB33 1991
=099  \\$aML410.B1B33 1991
=245  00$aBach, masterpieces to order$h[videorecording] :$bthe Leipzig church cantatas /$cproduced and directed by Tony Scull ; Yorkshire Television Ltd.
=260  \\$aPrinceton, N.J. :$bFilms for the Humanities,$cc1991.
=300  \\$a1 videocassette (VHS) (90 min.) :$bsd., col. ;$c1/2 in.
=500  \\$aTitle on cassette label and container: Johann Sebastian Bach: masterpieces to order.
=500  \\$a"FFH 2752"--Labels.
=508  \\$aCameramen, Mostaja Hammuri, Steve Falvey, Mark Smeaton ; graphics, Chaz McAlpin ; designer, Andrew Sanderson ; videotape editor, Phil Davies.
=511  0\$aNarrator: Paul Vaughan.
=520  \\$aA two-part series on the Leipzig period of J.S. Bach's creative life as composer, the major landmark of which are his cantatas. With the support of documentary evidence and using the city of Leipzig with its ancient Church of St. Thomas as backdrop, the film shows how the Leipzig cantatas were composed, copied into manuscripts and performed in Bach's lifetime. Includes a full performance of the Ascension oratorio, and the start of a reconstructed Lutheran service of Bach's time.
=600  10$aBach, Johann Sebastian,$d1685-1750.
=650  \0$aCantatas, Sacred.
=651  \0$aLeipzig (Germany)$xDescription and travel$xViews.
=700  1\$aBach, Johann Sebastian,$d1685-1750.$tLobet Gott in seinen Reichen.
=710  2\$aYorkshire Television.
=710  2\$aFilms for the Humanities (Firm)
=740  0\$aJohann Sebastian Bach, masterpieces to order
=740  0\$aMasterpieces to order
=740  0\$aLeipzig Church cantatas
=852  0\$822176804790002311$bH$cVHS$hML410.B1$iB33 1991

