=LDR  01941ngm  2200337Ia 4500
=001  997824150102311
=005  20150603232417.0
=007  vf\cbahou
=008  890111s1985\\\\nyu058\\\\\\\\\\\\vueng\d
=035  \\$a(TU)000782415UTK01
=035  9\$a818601
=035  \\$a(OCoLC)19006366
=040  \\$aMFM$cMFM$dTKN
=049  \\$aTKNk
=090  \\$aNA1088.M65$bM38 1985
=245  00$aMies$h[videorecording] /$ca co-production of Michael Blackwood Productions, Westdeutscher Rundfunk ; produced and directed by Michael Blackwood; narration written by Franz Schulze.
=260  \\$a[New York] :$bMichael Blackwood Productions,$cc1985.
=300  \\$a1 videocassette (58 min.) :$bsd., col. with b&w sequences ;$c1/2 in.
=500  \\$aIn English and German, with English subtitles.
=500  \\$aSubtitle on motion picture: The Architecture of Mies van der Rohe.
=500  \\$aVHS format.
=508  \\$aPhotography, Mead Hunt ; editor, Julie Sloane ; narrator, Franz Schulze.
=520  \\$aA critical portrait of the architect, commemorating the centennial of his birth in 1886. Recently rediscovered, rare film footage allows Mies to explain his philosophy and approach to design. Revisits sites of Mies most innovative work including the Illinois Institute of Technology campus in Chicago, the first campus designed entirely by one person since Jefferson's University of Virginia, and the Nationalgalerie in Berlin, his last work and perhaps greatest accomplishment in the use of the clear span design.
=590  \\$aVHS CAN NOT BE CIRCULATED THRU INTERLIBRARY LOAN.
=600  10$aMies van der Rohe, Ludwig,$d1886-1969.
=650  \0$aArchitecture$zUnited States$xHistory$y20th century.
=650  \0$aArchitecture, Modern$y20th century$zGermany.
=710  2\$aMichael Blackwood Productions.
=710  2\$aWestdeutscher Rundfunk.
=740  4\$aThe Architecture of Mies van der Rohe.
=852  0\$822250946110002311$bH$cVIDE2$h NA1088.M65$i M38 1985

