=LDR  01127agm  2200289u  4500
=001  996519710102311
=005  20150603225155.0
=007  mr-cnaad\\\\\\\\\\\\\\\
=008  850408s1975\\\\cou029u\\\\\\\\\\0mleng\d
=035  \\$a(TU)000651971UTK01
=035  9\$a685132
=035  \\$a(OCoLC)11893030
=040  \\$aTKN$cTKN
=049  \\$atknk
=090  \\$aTJ280.7$b.G4418
=099  \\$aTJ280.7.G4418
=245  00$aGeothermal power$h[motion picture] :$bthe great furnace /$cproduced by the Division of Continuing Education, University of Colorado ; written, directed, and produced by Richard E. Snoke.
=260  \\$a[Boulder, Colo. :$bAcademic Media Services, University of Colorado],$cc 1975.
=300  \\$a1 film reel (29 min.) :$csd., col. ;$c16 mm.
=511  0\$aBernard Udis.
=520  \\$aLooks at geothermal resources as a viable alternative energy source.
=650  \0$aGeothermal resources.
=700  1\$aSnoke, Richard E.
=700  1\$aUdis, Bernard.
=710  2\$aUniversity of Colorado, Boulder.$bDivision of Continuing Education.
=710  2\$aUniversity of Colorado, Boulder.$bAcademic Media Services.
=966  \\$aprimo

