=LDR  01228ngm  2200325u  4500
=001  996682760102311
=005  20150603225622.0
=007  vf-bbaho\
=008  860225s1954\\\\enk102\\\\\\\\\\\0vleng\d
=035  \\$a(TU)000668276UTK01
=035  9\$a701914
=035  \\$a(OCoLC)13193352
=040  \\$aTKN$cTKN
=049  \\$atknk
=090  \\$aPN1997$b.H56
=099  \\$aPN1997.H56
=245  00$aHobson's choice$h[videorecording] /$cproduced and directed by David Lean in association with and distributed by British Lion Film Corp. Ltd.
=260  \\$a[New York, N. Y.] :$bThorn EMI Video,$cc1954.
=300  \\$a1 videocassette (102 min.) :$bsd., b&w ;$c1/2 in.
=500  \\$aVHS format.
=508  \\$aEditor, Peter Taylor ; music, Malcolm Arnold.
=511  1\$aCharles Laughton, John Mills, Brenda de Banzie.
=520  \\$aIn the 1890's a tyrannical Lancashire bootmaker is brought to heel by his plain-speaking daughter and her simple-minded husband.
=650  \0$aFeature films.
=700  1\$aLean, David,$d1908-
=700  1\$aLaughton, Charles,$d1899-1962.
=700  1\$aMills, John,$d1908-
=710  2\$aBritish Lion Film Corp. Ltd.
=710  2\$aThorn EMI Video (Firm)
=852  0\$822250958100002311$bH$cVIDE2$h PN1997$i .H56

