=LDR  01183agm  2200277u  4500
=001  996474480102311
=005  20150603225103.0
=007  mrucaaad\\\\\\\\\\\\\\\
=008  820308s1976\\\\nju020ue\\\\\\\\\0mleng\d
=035  \\$a(TU)000647448UTK01
=035  9\$a680420
=035  \\$a(OCoLC)08226041
=040  \\$aINT$cINT$dTKN
=049  \\$aTKNk
=090  \\$aHN49.V64$bG5
=099  \\$aHN49.V64G5
=245  00$aGifts of time$h[motion picture] :$b(two portraits) /$cby Paul Christensen.
=260  \\$aNew Brunswick, N.J. :$bPhoenix Films,$cc1976.
=300  \\$a1 film reel (20 min.) :$bsd., col. ;$c16 mm.
=508  \\$aPhotography, Greg Bertrand; editor, Nancy Christensen; music, Jeff Van Gelden.
=520  \\$aPersonal accounts of Mary Croshere and F. Maud Gallagher, members of the Retired Senior Volunteers Program (RSVP). The program offers an opportunity for communities to draw upon the rich experiences of retired people and provides senior citizens with paths for new rewards.
=650  \0$aOlder people.
=650  \0$aVolunteer workers in long-term care facilities$vCase studies.
=650  \0$aVoluntarism.
=700  1\$aChristensen, Paul.
=710  2\$aPhoenix/BFA Films & Video.

