=LDR  01083ngm  2200337u  4500
=001  996805790102311
=005  20150603225934.0
=007  vf-cbaho\
=008  860625s1956\\\\cc\123\\\\\\\\\\\0vlchi\d
=035  \\$a(TU)000680579UTK01
=035  9\$a714508
=035  \\$a(OCoLC)13774643
=040  \\$aTKN$cTKN
=049  \\$atknk
=090  \\$aM1500$b.F42
=099  \\$aM1500.F42
=245  00$aFifteen strings of cash$h[videorecording] /$cdirector, Tao Chin.
=260  \\$aPalo Alto, Calif. :$bChina Video Movies,$c1956.
=300  \\$a1 videocassette (ca. 123 min.) :$bsd., col. ; 1/2 in.
=440  \0$aChina video movies ;$v2002
=500  \\$aVHS format.
=500  \\$aTitle from container; title also in Chinese : Shih wu kuan.
=500  \\$aSubtitles in Chinese.
=511  1\$aChou Chuan-ying ; Wang Chuan-sung ; Chu Kuo-liang.
=520  \\$aThe screen version of a Kunchu opera.
=650  \0$aOperas.
=650  \0$aFeature films.
=710  2\$aChina Video Movies Distributing Co.
=740  0\$aShih wu kuan.
=852  0\$822150697660002311$bH$cVHS$hM1500$i.F42
=966  \\$aprimo

