=LDR  01165cgm  2200325u  4500
=001  996887350102311
=005  20150603230316.0
=007  vf\cbaho\
=008  840302s1983\\\\nyu060\e\\\\\\\\\0vleng\d
=035  \\$a(TU)000688735UTK01
=035  9\$a722942
=035  \\$a(OCoLC)10480612
=040  \\$aMRW$cMRW$dTKN
=049  \\$aTKN9
=090  \\$aMT68$b.J6
=092  \\$a787.6$bJ74S
=099  \\$aMT68.J6
=245  00$aJohn Scofield on improvisation$h[videorecording] /$cJohn Scofield.
=260  \\$aNew York, N.Y. :$bDCI Music Video,$c1983.
=300  \\$a1 videocassette (60 min.) :$bsd., col. :$c1/2 in. +$e1 guide (9 leaves ; 24 cm.)
=500  \\$aVHS format.
=520  \\$aScofield, a guitarist, discusses and demonstrates technique of improvisation: use of major modes and scales, chromatics, passing tones, melodic devices and rhythm; also picking techniques and equipment.
=650  \0$aGuitar$xInstruction and study.
=650  \0$aImprovisation (Music)
=650  \0$aJazz musicians$vInterviews.
=700  1\$aScofield, John.
=710  2\$aDCI Music Video.
=740  0\$aOn improvisation.
=852  0\$822214809060002311$bH$cVHS$hMT68$i.J6
=966  \\$aprimo

