=LDR  01176agm  2200313u  4500
=001  996507830102311
=005  20150603225150.0
=007  g--c-bfj\
=008  781004s1979\\\\xxu057\e\\\\\\\\\0sneng\c
=010  \\$a78720240 /F
=035  \\$a(TU)000650783UTK01
=035  9\$a683891
=035  \\$a(OCoLC)05644031
=040  \\$aCenter for Humanities$cDLC$dm.c.$dTKN
=049  \\$aTKNN
=050  \\$aQA117
=099  \\$aQA107.C6 pt.6
=245  00$aAddition and subtraction of fractions.$h[slide] /$cHarper & Row, Publishers, inc.
=260  \\$aWhite Plains, N.Y. :$bCenter for Humanities,$c1979.
=300  \\$a57 slides :$bcol. ;$c2x2 in.$e& cassette (1/2-track. mono. 38 min.), teacher's guide, and worksheet.
=440  \0$aCompetency skills in arithmetic ; module 6
=500  \\$a"The skills group."
=500  \\$aAlso issued with sound accompaniment on disc.
=520  \\$aTopics covered include addition and subtraction of fractions with like denominators, of fractions with unlike denominators, and addition and subtraction of mixed numbers.
=650  \0$aFractions.
=650  \0$aAddition.
=650  \0$aSubtraction.
=710  2\$aHarper & Row, Publishers.
=966  \\$aprimo

