=LDR  01392cgm  2200385u  4500
=001  996889370102311
=005  20150603230315.0
=007  vf\bbaho\
=008  851109s1984\\\\cau046\g\\\\\\\\\0vleng\d
=020  \\$a0871765535
=035  \\$a(TU)000688937UTK01
=035  9\$a723147
=035  \\$a(OCoLC)12778035
=040  \\$aINT$cINT$dTKN
=049  \\$aTKN9
=090  \\$aM1356$b.C68
=099  \\$aM1356.C68
=245  00$aCount Basie and his orchestra 1964 ; Lionel Hampton and his orchestra 1965 ; Duke Ellington and his famous orchestra 1965$h[videorecording] /$cproducer, director, John Ertmann.
=260  \\$aHollywood, CA. :$bSwingtime Video,$c1984.
=300  \\$a1 videocassette (46 min.) :$bsd., b&w ;$c1/2 in.
=440  \0$aMeet the bandleaders ;$vv. 101
=500  \\$aVHS format.
=500  \\$aTitle on container: The big bands.
=508  \\$aEditor, Virgil Sipes ; narrator, Gene Norman.
=520  \\$aContains big band music by Count Basie, Lionel Hampton and Duke Ellington; taped in 1964-65.
=650  \0$aBig band music.
=700  1\$aBasie, Count,$d1904-
=700  1\$aHampton, Lionel.
=700  1\$aEllington, Duke,$d1899-1974.
=710  2\$aSwingtime Video.
=740  0\$aLionel Hampton and his orchestra 1965
=740  0\$aDuke Ellington and his famous orchestra 1965
=740  0\$aBig bands.
=852  0\$822214703480002311$bH$cVHS$hM1356$i.C68
=966  \\$aprimo

