=LDR  00394nrm  2200133u  4500
=001  996791810102311
=005  20071026103319.0
=008  030824s1964\\\\\\\\\\\\\\\\\\000\\\eng\d
=035  \\$a(TU)000679181UTK01
=035  9\$a713087
=090  \\$aZ2504.S62$bB52 1964
=245  10$aBibliografiia obshchestvenno-politicheskoi literatury
=260  \\$aMoskva$c1964
=852  0\$822212336490002311$bH$cSTACK$hZ2504.S62$iB52 1964

