=LDR  01131agm  2200313u  4500
=001  996466670102311
=005  20150603225021.0
=007  v\-\na\o\
=008  850311s1983\\\\xx\100u\\\\\\\\\\0vleng\d
=035  \\$a(TU)000646667UTK01
=035  9\$a679627
=035  \\$a(OCoLC)11791248
=040  \\$aTKN$cTKN
=049  \\$aTKNk
=090  \\$aM1753.18$b.S8
=099  \\$aM1753.18.S8
=245  00$aStamping ground :$bHolland festival of music$h[videorecording] /$ca Cince 3-Planet Film production.
=260  \\$a[s.l.] :$bJLT Films,$cc1983.
=300  \\$a1 videocassette (100 min.) :$bsd., col. ;$c1/2 in.
=500  \\$aVHS format.
=511  0\$aSantana, Canned Heat, T. Rex, Jefferson Airplane, It's A Beautiful Day, Family, Country Joe, Dr. John, Flock, Byrds, Pink Floyd.
=520  \\$aA documentary of the three day rock festival in Holland.
=650  \0$aRock music$zNetherlands.
=710  2\$aSantana (Musical group)
=710  2\$aCanned Heat (Musical group)
=710  2\$aJefferson Airplane (Musical group)
=710  2\$aPink Floyd (Musical quartet)
=710  2\$aJLT Films.
=852  0\$822208741760002311$bH$cVHS$hM1753.18$i.S8

