=LDR  01209ngm  2200289u  4500
=001  996486960102311
=005  20150603225053.0
=007  mr-bf-ad\\\\\\\\\\\\\\\
=008  850925s1982\\\\dcu018\\\\\\\\\\\0mleng\d
=035  \\$a(TU)000648696UTK01
=035  9\$a681702
=035  \\$a(OCoLC)12599782
=040  \\$aTKN$cTKN
=049  \\$atknk
=090  \\$aF199$b.H8
=099  \\$aF199.H8
=245  00$aHunger$h[motion picture] :$bthe national hunger march to Washington, 1932 /$cProduced by the Workers Film and Photo League of the U.I.R.
=260  \\$aNew York :$bMuseum of Modern Art Film Library,$cc1982.
=300  \\$a1 film reel ( 18 min.) :$bsi., b&w ;$c16 mm.
=508  \\$aEditors, Robert Del Duca, Leo Hurwitz, Leo Seltzer, Norman Warren.
=520  \\$aReports the December 1932 march to Washington by 3,000 delegates from the National Unemployment Councils.
=650  \0$aDepressions$y1929$zUnited States.
=651  \0$aWashington (D.C.)$xDemonstration, 1932 (December)
=710  2\$aFilm and Photo League (U.S.)
=710  2\$aMuseum of Modern Art (New York, N.Y.).$bCirculating Film Library.
=740  4\$aThe National hunger march to Washington, 1932.
=852  0\$822207907870002311$bST$cFILM$hF199$i.H8

