=LDR  01121cgm  2200253u  4500
=001  996497800102311
=005  20150603225136.0
=007  vf\ccahr\
=008  850927s1980\\\\tnu024\\\\\\\\\\\0vleng\d
=035  \\$a(TU)000649780UTK01
=035  9\$a682806
=035  \\$a(OCoLC)12608868
=049  \\$aTKNN
=090  \\$aSF991$b.T734
=099  \\$aSF991.T734
=245  00$aTreatment of ventricular fibrillation in the dog$h[videorecording] :$bimproved demonstration methodology to present clinical rationale /$cby Michael H. Sims [et al.]
=260  \\$aKnoxville :$bCollege of Veterinary Medicine, University of Tennessee,$c1980.
=300  \\$a1 videocassette (U-matic) (24 min.) :$bsd., col. ;$c3/4 in.
=520  \\$aPurpose is to present set up instructions, introduction and calibration procedures for the demonstration concerning the treatment of ventricular fibrillation in the dog.
=650  \0$aVentricular fibrillation.
=650  \0$aDogs$xDiseases.
=700  1\$aSims, Michael H.,$d1944-
=710  2\$aUniversity of Tennessee, Knoxville.$bCollege of Veterinary Medicine.
=852  0\$822201407990002311$bSC$cARVIS$hSF991$i.T734

