=LDR  01251cgm  2200313u  4500
=001  996611960102311
=005  20150603225422.0
=007  mr-caaad\\\\\\\\\\\\\\\
=008  770406s1964\\\\mau083\gz\\\\\\\\1mlengm\
=010  \\$afia65001381
=035  \\$a(TU)000661196UTK01
=035  9\$a694649
=035  \\$a(OCoLC)02864183
=040  \\$aDLC$cFYM$dMNM$dOCL$dTKN
=043  \\$aa-pp---
=049  \\$aTKNN
=090  \\$aDU744.35.D32$bD3x
=099  \\$aDU744.D4
=245  00$aDead birds.$h[motion picture] /$cPeabody Museum ; made by Robert Gardner.
=260  \\$aSalem, Mass. :$bPeabody Museum ;$breleased by Contemporary Films, inc.,$c1964.
=300  \\$a3 reels. 83 min. :$bsd.,col. ;$c16 mm.$ewith film guide.
=500  \\$aVideocassette copy on 2 cassettes.
=500  \\$aIssued in three parts.
=520  \\$aDescribes a photographic and ethnographic study which was sponsored by the Peabody Museum from February 1961 to November 1963 of the Dani, a people dwelling in the Grand Valley of the Baliem, high in the mountains of western New Guinea.
=650  \0$aDani (New Guinean people)
=650  \0$aEthnology$zNew Guinea.
=710  2\$aPeabody Museum of Archaeology and Ethnology.
=710  2\$aContemporary Films, inc., New York.
=966  \\$aprimo

