=LDR  00952cgm  2200265u  4500
=001  996888710102311
=005  20150603230321.0
=007  g\\c\\\j\
=008  780403s1961\\\\ilu022ufm\\\\\\\\1sneng\d
=035  \\$a(TU)000688871UTK01
=035  9\$a723080
=035  \\$a(OCoLC)03775500
=040  \\$aKAT$cKAT$dTKN
=049  \\$aTKNN
=090  \\$aBS1966 1976
=100  1\$aTeeple, Howard Merle,$d1911-
=245  10$aGreek New Testament manuscripts$h[slide] :$bsources of new translations. /$cproduced and published by Howard M. Teeple.
=260  \\$aChicago, Ill. :$bThe author,$cc1961.
=300  \\$a22 slides (1 carousel) :$bcol. ;$c2x2 in.$e+ printed lecture (11 p. ; 28 cm.)
=490  0\$aIllustrated lecture : NT ; 1
=500  \\$aIn container (29 cm.)
=520  \\$aIllustrates examples of Greek biblical texts.
=630  00$aBible.$pN.T.$lGreek$xManuscripts.
=650  \0$aManuscripts, Greek (Papyri)
=852  0\$822214778020002311$bST$cSLIDE$hBS1966 1976

