=LDR  01464cgm  2200373u  4500
=001  996617620102311
=005  20150603225448.0
=007  vfrbnaho\
=008  850426r19851963miu094\\\\\\\\\\\0vleng\d
=035  \\$a(TU)000661762UTK01
=035  9\$a695225
=035  \\$a(OCoLC)11965011
=040  \\$aFPL$cFPL$dTKN
=049  \\$aTKNk
=090  \\$aPN1997$b.L576
=099  \\$aPN1997.L576
=245  00$aLilies of the field$h[videorecording] /$cRainbow Productions, Inc.
=260  \\$aFarmington Hills, MI :$bKey Video,$c1985.
=300  \\$a1 videocassette (94 min.) :$bsd., b&w ;$c12 in.
=500  \\$aVHS format.
=500  \\$a"VHS 4726"
=500  \\$aBased on the novel "Lilies of the Field" by William E. Barrett.
=500  \\$aSpecially produced with Closed Captioning for the hearing impaired.
=500  \\$aVideocassette release of the 1963 motion picture by Rainbow Productions.
=508  \\$aProducer-director, Ralph Nelson ; screenplay, James Poe ; music, Jerry Goldsmith.
=511  1\$aSidney Poitier, Lilia Skala, Stanley Adams.
=520  \\$aA free-spirited ex G.I. stumbles upon five refugee nuns in Arizona and helps them build a chapel.
=650  \0$aFeature films.
=700  1\$aBarrett, William Edmund,$d1900-$tLilies of the field$h[videorecording].
=700  1\$aPoitier, Sidney.
=700  1\$aSkala, Lilia.
=710  2\$aRainbow Productions (Chicago, Ill.)
=710  2\$aKey Video.
=852  0\$822250961430002311$bH$cVIDE2$h PN1997$i .L576

