=LDR  01327ngm  22003491  4500
=001  996728390102311
=005  20150603225731.0
=007  vf-cuahr\
=008  791015s1972\\\\nyu052\e\\\\\\\\\0vleng\c
=010  \\$a79707150 /F
=035  \\$a(TU)000672839UTK01
=035  9\$a706584
=035  \\$a(OCoLC)05889289
=040  \\$aTime-Life Multimedia$cDLC$dm.c.$dTKN
=043  \\$an-usp--
=049  \\$aTKNN
=050  \\$aF591
=099  \\$aE178.A44 no.5
=245  00$aGone West$h[videorecording] /$cBBC-TV and Time-Life Films.
=260  \\$aNew York :$bTime-Life Multimedia,$c1972.
=300  \\$a1 cassette, 52 min. :$bsd.,col. ;$c3/4 in.
=490  1\$aAmerica, a personal history of the United States ; no. 5
=500  \\$aTitle from data sheet.
=500  \\$aU standard.
=508  \\$aProducer, Michael Gill; writer and narrator, Alistair Cooke.
=520  \\$aDeals with the Louisiana Purchase, the Lewis and Clarke Expedition, the exploration of the distant reaches of the waterways, the forcing of Indian nations west of the Mississippi, and the gold rush.
=651  \0$aWest (U.S.)$xHistory.
=700  1\$aCooke, Alistair,$d1908-
=710  2\$aBritish Broadcasting Corporation.$bTelevision Service.
=710  2\$aTime-Life Films.
=830  \0$aAmerica, a personal history of the United States ;$vno. 5.
=966  \\$aprimo

