=LDR  01181agm  2200289u  4500
=001  996495310102311
=005  20150603225121.0
=007  vfrcuaho\
=008  841123s1984\\\\wiu---ufr\\\\\\\\0vleng\d
=035  \\$a(TU)000649531UTK01
=035  9\$a682549
=035  \\$a(OCoLC)11416040
=040  \\$aOBE$cOBE$dTKN
=049  \\$aTKNk
=090  \\$aMT259$b.G8
=099  \\$aMT259.G8
=245  00$aGuide to orchestral bowings through musical styles$h[videorecording] /$cpresented by the Univ. of Wisconsin Extension-Music ; project directors, Marvin Rabin, Priscilla Smith ; performed by Chamber String Players of Wisconsin ; conductor, Vartan Manoogian.
=260  \\$a[Madison, Wis. :$bUniversity of Wisconsin Extension--Arts]$cc1984.
=300  \\$a1 videocassette :$bsd., col. ;$c1/2 in. +$e1 manual (64 p. : ill., music ; 28 cm.)
=650  \0$aBowed stringed instruments$xInstruction and study.
=650  \0$aBowed stringed instruments$xBow.
=700  1\$aRabin, Marvin.
=700  1\$aSmith, Priscilla.
=700  1\$aManoogian, Vartan.
=710  2\$aUniversity of Wisconsin--Extension.
=710  2\$aChamber String Players of Wisconsin.
=852  0\$822201377030002311$bH$cVHS$hMT259$i.G8

