=LDR  01571cgm  2200301u  4500
=001  996547740102311
=005  20150603225237.0
=007  mrrcaaad\\\\\\\\\\\\\\\
=008  850726s1985\\\\cau028\ez\\\\\\\\0mleng\d
=035  \\$a(TU)000654774UTK01
=035  9\$a688072
=035  \\$a(OCoLC)12307676
=040  \\$aAGB$cAGB$dVRU$dTKN
=049  \\$aTKNk
=090  \\$aHD38$b.T53 1985
=099  \\$aHD38.T53 1985
=245  04$aThe Time of your life$h[motion picture] /$cCally Curtis Co.
=250  \\$aRev., updated.
=260  \\$aHollywood, Calif. :$bCally Curtis Co.,$c1985.
=300  \\$a1 film reel (28 min.) :$bsd., col. ;$c16 mm. +$emeeting guide (20 p.)
=500  \\$aBased on: How to get control of your time and your life / Alan Lakein.
=511  1\$aJames Whitmore, Ron Masak.
=520  \\$aAbstract: Ideas from Alan Lakein's book "How to Get Control of Your Time and Your Life" are featured in this presentation on time management. Lakein has distinguished between effective and efficient use of time; the film illustrates obstacles to "effective" time use. Lakein's method for better time management employs six rules. They revolve around identifying goals and establishing priorities, then acting first on items of highest priority. An accompanying guide to the film outlines the contents, provides lesson plans, and lists additional materials on time management. (lg)
=650  \0$aTime management.
=700  1\$aLakein, Alan.$tHow to get control of your time and your life.
=700  1\$aWhitmore, J.$q(James)
=710  2\$aCally Curtis Company.
=966  \\$aprimo

