=LDR  00832agm  2200265u  4500
=001  996502270102311
=005  20150603225129.0
=007  gsrcnbfj\
=008  830228s1981\\\\nyu253u\r\\\\\\\\0sneng\d
=035  \\$a(TU)000650227UTK01
=035  9\$a683265
=035  \\$a(OCoLC)09262748
=040  \\$aMRH$cMRH$dTKN
=049  \\$aTKNk
=090  \\$aQE431.2$b.P6
=245  00$aPorosity in carbonate rock sequences$h[slide] /$cClyde M. Moore.
=260  \\$aNew York :$bScience-Thru-Media,$c1981.
=300  \\$a253 slides :$bcol. +$e9 sound cassettes (360 min.) + 1 course notes (124 p. : ill. ; 29 cm.)
=500  \\$aIn 2 carousels
=650  \0$aCarbonate rocks.
=650  \0$aPetroleum$xGeology.
=650  \0$aPetrology.
=700  1\$aMoore, Clyde H.
=710  2\$aScience-Thru-Media, Inc.
=852  0\$822194528050002311$bST$cSLIDE$hQE431.2$i.P6

