=LDR  01099cgm  2200313u  4500
=001  996647480102311
=005  20150603225527.0
=007  vd-cnaho\
=008  850827s1982\\\\cau097\\\\\\\\\\\0vleng\d
=035  \\$a(TU)000664748UTK01
=035  9\$a698326
=035  \\$a(OCoLC)12430668
=040  \\$aUUM$cUUM$dTKN
=049  \\$aTKNk
=090  \\$aPN1997$b.M66
=099  \\$aPN1997.M66
=245  00$aMoonlighting /$h[videorecording]$cUniversal.
=260  \\$aUniversal City, Calif. :$bMCA Videocassette, Inc.,$cc1982.
=300  \\$a1 videocassette (VHS) (97 min.) :$bsd., col. ;$c1/2 in.
=500  \\$aVideocassette release of the 1982 motion picture.
=508  \\$aWriter, director, Jerzy Skolimowski ; producer, Mark Shivas ; music, Stanley Myers.
=511  1\$aJeremy Irons.
=520  \\$aSuspenseful allegory of Poland's solidarity crisis.
=610  20$aNSZZ "Solidarność" (Labor organization)$vFiction.
=650  \0$aFeature films.
=700  1\$aSkolimowski, Jerzy.
=710  2\$aUniversal Pictures (Firm)
=710  2\$aMCA Videocassette.
=852  0\$822250947690002311$bH$cVIDE2$h PN1997$i .M66

