=LDR  01238cgm  2200361u  4500
=001  996634970102311
=005  20150603225513.0
=007  vf-bnaho\
=008  850410p19831956cau104\\\\\\\\\\\0vlchi\d
=035  \\$a(TU)000663497UTK01
=035  9\$a696991
=035  \\$a(OCoLC)11904232
=040  \\$aORU$cORU$dTKN
=041  \\$achi$beng
=049  \\$aTKNk
=090  \\$aPN1997$b.C475
=099  \\$aPN1997.C475
=245  00$aChia$h[videorecording] =$bThe family.
=260  \\$aSan Francisco :$bChina Video Movies Distributing Co.,$cc1983.
=300  \\$a1 videocassette (ca. 124 min.) :$bsd., b&w ;$c1/2 in.
=440  \0$aChina video movies ;$v1035
=500  \\$aVHS format.
=500  \\$aChinese dialogue with English subtitles.
=500  \\$aThe Chinese title appears in Chinese characters.
=500  \\$aBased on the novel by Pa Chin.
=500  \\$aOriginally produced as a motion picture in 1956.
=520  \\$aA story about a bureaucrat and landlord family in a big city between 1916 and 1920.
=650  \0$aFeature films.
=650  \0$aFeature films$zChina.
=700  1\$aBa, Jin,$d1905-$tChia.
=710  2\$aChina Video Movies Distributing Co.
=740  4\$aThe family.
=852  0\$822250973140002311$bH$cVIDEO$h PN1997$i .C475

