=LDR  01054agm  2200289u  4500
=001  996499500102311
=005  20150603225115.0
=007  gsrcnbfj\
=008  841004s1983\\\\nyu057uf\\\\\\\\\1sneng\d
=035  \\$a(TU)000649950UTK01
=035  9\$a682978
=035  \\$a(OCoLC)11228407
=040  \\$aTXC$cTXC$dTKN
=049  \\$aTKNk
=090  \\$aQE471.15.S5$bP7
=092  \\$a552.5$bP95
=100  1\$aPryor, Wayne A.
=245  10$aShales$h[slide] :$btheir sedimentology and geology /$cWayne A. Pryor.
=260  \\$aNew York :$bScience-Thru-Media, Inc. [production company] ;$aTulsa, Okla. :$bAmerican Association of Petroleum Geologists [sponsor and distributer],$c1983.
=300  \\$a57 slides :$bcol. +$e2 sound cassettes.
=500  \\$aIn 1 carousel
=500  \\$aA 1982-83 Distinguished Lecture.
=500  \\$aSound accompaniment compatible for manual and automatic operation.
=650  \0$aShale.
=710  2\$aAmerican Association of Petroleum Geologists.
=710  2\$aScience-Thru-Media, Inc.
=852  0\$822201417450002311$bST$cSLIDE$hQE471.15.S5$iP7

