=LDR  00981ngm  2200289u  4500
=001  996490220102311
=005  20150603225055.0
=007  vf\ccahr\
=008  850926s1985\\\\xx\056\\\\\\\\\\\0vleng\d
=035  \\$a(TU)000649022UTK01
=035  9\$a682035
=035  \\$a(OCoLC)12604268
=040  \\$aTKN$cTKN
=041  \\$aeng$amul
=049  \\$atknk
=090  \\$aPN6099$b.I56
=245  00$aInternational poetry reading$h[videorecording] :$bInternational House, April 16, 1985 /$c[presented by] University of Tennessee, Knoxville, Linguistics Club ; produced by Amanda Clarke, Janice Wright.
=260  \\$aSpecial ed.
=300  \\$a1 videodisc :$bdigital ;$c4 3/4 in.
=538  \\$aDVD.
=500  \\$aReproduction from U-matic.
=520  \\$aReadings presented at a public meeting.
=650  \0$aPoetry.
=700  1\$aClarke, Amanda.
=700  1\$aWright, Janice.
=710  2\$aUniversity of Tennessee, Knoxville, Linguistics Club.
=852  0\$822250939900002311$bH$cDVD$h PN6099$i .I56

