=LDR  01149agm  2200313u  4500
=001  996510800102311
=005  20150603225203.0
=007  g--c-bef\
=008  750630s1975\\\\xxu033\e\\\\\\\\\0sneng\c
=010  \\$a75734541 /F
=035  \\$a(TU)000651080UTK01
=035  9\$a684199
=035  \\$a(OCoLC)05610880
=040  \\$aAmerican Institute of Biological Sciences$cDLC$dm.c.$dTKN
=049  \\$aTKNN
=050  \\$aQL737.R6
=099  \\$aQL737.R6I6
=245  00$aInfraorbital bleeding of rodents and rabbits.$h[slide]
=260  \\$bAmerican Institute of Biological Sciences.$bReleased by Communication Skills Corp.,$c1975.
=300  \\$a33 slides.$bcolor.$c2 x 2 in.$eand phonotape: 7 1/2 ips., approx. 15 min.
=440  \0$aAnimal handling skills series
=500  \\$aWith study guide.
=520  \\$aDeals with the laboratory technique of infraorbital bleeding of rodents and rabbits.
=650  \0$aRodents as laboratory animals.
=650  \0$aRabbits as laboratory animals.
=650  \0$aBlood$xCollection and preservation.
=710  2\$aAmerican Institute of Biological Sciences.
=710  2\$aCommunication Skills Corporation.
=966  \\$aprimo

