=LDR  00839ngm  2200241u  4500
=001  996888630102311
=005  20150603230321.0
=007  g\\c\\\g\
=008  790315s1961\\\\ilu021uem\\\\\\\\1sneng\d
=035  \\$a(TU)000688863UTK01
=035  9\$a723072
=035  \\$a(OCoLC)04744138
=040  \\$aKAT$cKAT$dm.c.$dTKN
=049  \\$aTKNN
=090  \\$aBS2325$b.T4
=100  1\$aTeeple, Howard Merle,$d1911-
=245  10$aVariants in the text$h[slide] :$ba problem for translators. /$cproduced by Howard M. Teeple.
=260  \\$aChicago :$bThe author,$c1961.
=300  \\$a21 slides (1 carousel) :$bcol. ;$c2x2 +$electure script (9 leaves ; 28 cm.)
=490  0\$aIllustrated lecture : NT ; 3
=500  \\$aMounted as 21 slides in 1 carousel.
=630  00$aBible.$pNew Testament$xCriticism, Textual.
=852  0\$822214817820002311$bST$cSLIDE$hBS2325$i.T4

