=LDR  01399agm  2200313u  4500
=001  996837240102311
=005  20150603230151.0
=007  gsrcnbpj\
=008  820804s1978\\\\wau046ufr\\\\s\\\0sneng\d
=035  \\$a(TU)000683724UTK01
=035  9\$a717821
=035  \\$a(OCoLC)08655688
=040  \\$aNRC$cNRC$dTKN
=049  \\$aTKNN
=099  \\$aSF406.G57
=245  10$aGnotobiotics in production of experimental animals$h[slide] /$cprepared by R.B. Wescott ; cosponsored by the American College of Laboratory Animal Medicine and Washington State University, College of Veterinary Medicine.
=260  \\$aSeattle, Wash. :$bProduced and distributed by Health Sciences Learning Resources Center, University of Washington,$c1978.
=300  \\$a46 slides (1 carousel) :$bcol. +$e1 sound cassette + 1 study guide (28 cm.)
=440  \0$aLaboratory animal medicine and science
=500  \\$aSound cassette, V-6100.
=500  \\$aStudy guide published in 1977.
=500  \\$a"A-T program."
=520  \\$aDesigned to introduce the viewer to the idea of germfree life and to explain the basic principles of isolators and experimentation with gnotobiotic animals.
=650  \0$aGermfree life.
=650  \0$aBiology$xResearch.
=700  1\$aWescott, R. B.
=710  2\$aAmerican College of Laboratory Animal Medicine.
=710  2\$aWashington State University.$bCollege of Veterinary Medicine.
=966  \\$aprimo

