=LDR  01249agm  2200325u  4500
=001  996507870102311
=005  20150603225150.0
=007  gz-c-b-j\
=008  790420s1974\\\\xxu037\f\\\\\\\\\0sueng\c
=010  \\$a75734131
=035  \\$a(TU)000650787UTK01
=035  9\$a683899
=035  \\$a(OCoLC)04876743
=040  \\$aAmerican Institute of Biological Sciences$cCTI$dm.c.$dTKN
=049  \\$aTKNN
=050  \\$aQL737.C23
=099  \\$aQL737.C23H3
=245  00$aHandling, restraint and administration of subcutaneous and intramuscular injections for the cat.$h[slide]
=260  \\$bAmerican Institute of Biological Sciences.$bReleased by Communication Skills Corp.,$c1974.
=300  \\$a37 slides.$bcolor.$c2 x 2 in.$eand phonotape: 1 cassette, approx. 20 min.
=440  \0$aAnimal handling skills series
=500  \\$aWith study guide.
=520  \\$aShows how to handle, restrain, and administer subcutaneous and intramuscular injections to cats in the laboratory.
=650  \0$aCats as laboratory animals.
=650  \0$aInjections, Hypodermic.
=650  \0$aInjections, Intramuscular.
=650  \0$aAnimal immobilization.
=710  2\$aAmerican Institute of Biological Sciences.
=710  2\$aCommunication Skills Corporation.
=966  \\$aprimo

