=LDR  01141cgm  2200289u  4500
=001  996836870102311
=005  20150603230145.0
=007  vf\ccahru
=008  860724s19801986tnu055\\\\\\\\\\\0vleng\d
=035  \\$a(TU)000683687UTK01
=035  9\$a717780
=035  \\$a(OCoLC)13923290
=040  \\$aTKN$cTKN
=049  \\$aTKN5
=090  \\$aSF760.E4$bA55
=099  \\$aSF760.E4A55
=245  00$aAnatomy and physiology of a computer$h[videorecording] /$cFrederick M. Applehans.
=260  \\$aKnoxville :$bUniversity of Tennessee College of Veterinary Medicine,$c[198-]
=300  \\$a1 videocassette (55 min.) :$bsd., col. ; 3/4 in.
=538  \\$aU-matic.
=520  \\$aAcquaints the veterinarian with computer terminology, explains what a computer is and what it will do, and explains the various components of a computer system through a description of the various parts.
=650  \0$aComputers.
=650  \0$aVeterinary medicine$xData processing.
=700  1\$aApplehans, Frederick M.
=710  2\$aUniversity of Tennessee, Knoxville.$bCollege of Veterinary Medicine.
=852  0\$822178691980002311$bSC$cARVIS$hSF760.E4$iA55
=966  \\$aprimo

