=LDR  00345crm  2200145u  4500
=001  996886820102311
=005  20000601111600.0
=008  900101s1968\\\\\\\\\\\\\\\\\\\\\\\\engsd
=035  \\$a(TU)000688682UTK01
=035  9\$a722888
=099  \\$aFL629w
=100  \\$aLeskov.
=245  14$aThe wild beast
=260  \\$c1968
=852  1\$822214754990002311$bST$cSTOR$hFL629w

