=LDR  01061ngm  2200265u  4500
=001  996486470102311
=005  20150603225102.0
=007  mr-bf-ad\\\\\\\\\\\\\\\
=008  850925s1982\\\\nyu007\\\\\\\\\\\0mleng\d
=035  \\$a(TU)000648647UTK01
=035  9\$a681650
=035  \\$a(OCoLC)12599683
=040  \\$aTKN$cTKN
=049  \\$atknk
=090  \\$aF128.5$b.W6
=099  \\$aF128.5.W6
=245  00$aWorkers newsreel unemployment special, 1931$h[motion picture] /$cproduced by Film & Photo League ; edited by Leo Seltzer.
=260  \\$aNew York :$bMuseum of Modern Art Film Library,$cc1982.
=300  \\$a1 film reel (7 min.) :$bsi., b&w ;$c16 mm.
=520  \\$aShows the first mass demonstration against unemployment and hunger, in Union Square, New York City, on March 6, 1930.
=650  \0$aDepressions$y1929$zUnited States.
=651  \0$aNew York (N.Y.)$xDemonstration, 1930 (March 6)
=710  2\$aFilm and Photo League (U.S.)
=710  2\$aMuseum of Modern Art (New York, N.Y.).$bCirculating Film Library.
=852  0\$822207944940002311$bST$cFILM$hF128.5$i.W6

