=LDR  00970ngm  2200289u  4500
=001  996601230102311
=005  20150603225358.0
=007  mr-caaad\\\\\\\\\\\\\\\
=008  790320s1976\\\\nyu030\ez\\\\\\\\0mleng\d
=035  \\$a(TU)000660123UTK01
=035  9\$a693545
=035  \\$a(OCoLC)04759381
=040  \\$aIAS$cIAS$dTKN
=049  \\$aTKNk
=090  \\$aHF5549.5.C6$bM39
=099  \\$aHF5549.5.C6M39
=245  00$aMeetings, bloody meetings.$h[motion picture]
=260  \\$aTuxedo, N.Y. :$bVideo Arts,$c1976.
=300  \\$a1 reel, 30 min. :$bsd.,col. ;$c16 mm.$e& guide.
=500  \\$aWith booklet: How to run a meeting.
=508  \\$aDirector, Peter Robinson; writers, John Cleese, Antony Jay.
=520  \\$aIllustrates the basic principles for conducting more productive meetings.
=650  \0$aMeetings.
=650  \0$aCommunication in management.
=710  2\$aVideo Arts.
=740  0\$aHow to run a meeting.
=852  0\$822202483440002311$bST$cFILM$hHF5549.5.C6$iM39

