=LDR  01362ngm  2200313u  4500
=001  996472750102311
=005  20150603225054.0
=007  vf-cbaho\
=008  850923s1985\\\\cau054\\\\\\\\\\\0vleng\d
=035  \\$a(TU)000647275UTK01
=035  9\$a680242
=035  \\$a(OCoLC)12590368
=040  \\$aTKN$cTKN
=049  \\$aTKNk
=090  \\$aM1741.18.R6$bB7
=099  \\$aM1741.18.R6B7
=245  04$aThe Bridge$h[videorecording] /$cMusicvision presents a Limelight Production of Kevin Rowland and Dexys̓ Midnight Runners ; producer, Siobban Barron ; director, Steven Barron.
=260  \\$aBurbank, CA :$bRCA /Columbia Pictures Home Video,$c1985.
=300  \\$a1 videocassette (54 min.) :$bsd.,col. ;$c1/2 in.
=500  \\$aVHS format.
=505  0\$aOld -- All for all (this one last wild waltz) -- Lets̓ make this precious -- Until I belive in my soul -- Jackie Wilson said (Im̓ in heaven when you smile) -- Respect -- Come on Eileen -- Kevin Rowlands̓ band -- The Celtic soul brothers.
=508  \\$aEditors, Noel Oliver, Freddie Rowe.
=518  \\$aFilmed at the Shaftsbury London, Oct. 10, 1982.
=650  \0$aRock music$zEngland.
=700  1\$aRowland, Kevin.
=710  2\$aDrexys̓ Midnight Runners (Musical group)
=710  2\$aLimelight Productions.
=710  2\$aRCA/Columbia Pictures Home Video.
=852  0\$822188310450002311$bH$cVHS$hM1741.18.R6$iB7

