=LDR  01127cgm  2200265u  4500
=001  996681840102311
=005  20150603225628.0
=007  vf-caaho\
=008  830509s1982\\\\cau092\\\\\\\\\\\0vleng\d
=035  \\$a(TU)000668184UTK01
=035  9\$a701820
=035  \\$a(OCoLC)09492487
=040  \\$aTLM$cTLM$dTKN
=049  \\$aTKNk
=090  \\$aPN1997$b.A798
=099  \\$aPN1997.A798
=245  04$aThe atomic cafe$h[videorecording] /$cThe Archives Project ; produced and directed by Kevin Rafferty, Jayne Loader, Pierce Rafferty.
=260  \\$a[Los Angeles, Calif.] :$bThorn EMI Video,$c1982.
=300  \\$a1 videocassette (92 min.) :$bsd., col., b&w ;$c1/2 in.
=500  \\$aVHS format.
=520  \\$aThis collage film focuses on the 40's and 50's, showing clips of soldiers wearing sunglasses going into areas devastated by nuclear detonation and suburban families practicing using their bomb shelters. An entertaining look at how we got where we are.
=650  \0$aNuclear warfare$xSocial aspects$vHumor.
=710  2\$aArchives Project.
=710  2\$aThorn EMI Video (Firm)
=852  0\$822250985930002311$bH$cVIDEO$h PN1997$i .A798

