=LDR  01377agm  2200349u  4500
=001  996843020102311
=005  20150603230147.0
=007  g--m-bfj\
=008  740107s1973\\\\xxu078\e\\\\\\\\\0sneng\c
=010  \\$a73736457 /F
=035  \\$a(TU)000684302UTK01
=035  9\$a718418
=035  \\$a(OCoLC)05548908
=040  \\$aScholastic Magazines$cDLC$dm.c.$dTKN
=049  \\$aTKNN
=090  \\$aTR140.C27$bD43
=099  \\$aTR140.C27D43
=245  00$aHenri Cartier-Bresson: The decisive moment. /$h[slide]
=260  \\$bScholastic Magazines in cooperation with International Fund for Concerned Photography.$bReleased by Scholastic Book Services,$c1973.
=300  \\$a78 slides (1 carousel).$bcolor and b&w.$c2 x 2 in.$eand phonotape: 1 cassette, 19 min.
=440  \0$aImages of man, set 2
=500  \\$aLibrary's copy has 73 slides.
=500  \\$aWith teaching guide.
=508  \\$aEditor, Sheila Turner; coordinator, Cornell Capa.
=520  \\$aPhotographer Henri Cartier-Bresson uses photographs of people in France and other countries to express his views on life, man, and the world in which he lives.
=600  10$aCartier-Bresson, Henri,$d1908-
=650  \0$aPhotography, Artistic.
=700  1\$aCartier-Bresson, Henri,$d1908-
=710  2\$aScholastic Magazines, inc.
=710  2\$aScholastic Book Services.
=740  0\$aDecisive moment. /$hSlide
=966  \\$aprimo

