=LDR  00384arm  2200145u  4500
=001  996845980102311
=005  20070726100002.0
=008  030824s1921\\\\\\\\\\\\\\\\\\000\\\eng\d
=035  \\$a(TU)000684598UTK01
=035  9\$a718722
=090  \\$aPA6519$b.H4 1921
=100  \\$aOvidius Naso.
=245  10$aHeroides and Amores
=260  \\$aLondon$c1921
=852  01$822167838970002311$bH$cSTACK$hPA6519$i.H4 1921

