=LDR  01088ngm  2200289u  4500
=001  996770540102311
=005  20150603225911.0
=007  vf\cbaho\
=008  860520s1985\\\\nyu089\\\\\\\\\\\0vleng\d
=035  \\$a(TU)000677054UTK01
=035  9\$a710910
=035  \\$a(OCoLC)13589677
=040  \\$aTKN$cTKN
=049  \\$aTKNK
=090  \\$aPS3501.G35$bZ545
=099  \\$aPS3501.G35Z545
=245  00$aAgee$h[videorecording] /$cJames Agee Film Project.
=260  \\$aNew York :$bReeves Teletape,$c1985.
=300  \\$a1 videocassettes (88:42) :$bsd., col. ;$c1/2 in.
=500  \\$aVHS format.
=520  \\$aReviews James Agee's life and works, including his childhood in Tennessee, his career as a journalist, his marriages, his career as a film critic and screenwriter, and dramatized excerpts from several of his novels.
=600  10$aAgee, James,$d1909-1955.
=650  \0$aAuthors, American$y20th century$vBiography.
=700  1\$aAgee, James,$d1909-1955.
=710  2\$aJames Agee Film Project.
=740  0\$aJames Agee collection.
=852  0\$822250969020002311$bH$cVIDE2$h PS3501.G35$i Z545

