=LDR  00943ngm  22002891  4500
=001  996718870102311
=005  20150603225716.0
=007  mr-maaad\\\\\\\\\\\\\\\
=008  780405s1977\\\\xxu058\e\\\\\\\\\0mleng\c
=010  \\$a78700225 /F
=035  \\$a(TU)000671887UTK01
=035  9\$a705610
=035  \\$a(OCoLC)05646464
=040  \\$aCINE$cDLC$dm.c.$dTKN
=043  \\$an-us---
=049  \\$aTKNk
=050  \\$aHQ1090
=090  \\$aHQ1090$b.T6
=099  \\$aHQ1090.T6
=245  00$aTo be a man.$h[motion picture].
=260  \\$aNew York :$bBlackwood Productions,$c1977.
=300  \\$a1 reel, 58 min. :$bsd.,col. with b&w sequences ;$c16 mm.
=520  \\$aA study of the American male's historic and traditional role in society. Profiles men's changing status and values through interviews with several prominent men and women.
=650  \0$aMen$zUnited States$xHistory.
=650  \0$aMen.
=710  2\$aBlackwood Productions.
=966  \\$aprimo

