=LDR  01050agm  2200301u  4500
=001  996509560102311
=005  20150603225156.0
=007  g--c-bfj\
=008  750630s1974\\\\xxu036\e\\\\\\\\\0sneng\c
=010  \\$a75734118 /F
=035  \\$a(TU)000650956UTK01
=035  9\$a684070
=035  \\$a(OCoLC)05609641
=040  \\$aAmerican Institute of Biological Sciences$cDLC$dm.c.$dTKN
=049  \\$aTKNN
=050  \\$aQR171.F4
=099  \\$aQR171.F4F4
=245  00$aFecal sampling for microscopic analysis$h[slide]
=260  \\$bAmerican Institute of Biological Sciences.$bReleased by Communication Skills Corp.,$c1974.
=300  \\$a36 slides.$bcolor.$c2 x 2 in.$eand phonotape: 1 cassette, approx. 15 min.
=440  \0$aAnimal handling skills series
=500  \\$aWith study guide.
=520  \\$aGives the procedures of fecal sampling for microscopic analysis.
=650  \0$aFeces$xMicrobiology.
=650  \0$aFeces$xExamination.
=710  2\$aAmerican Institute of Biological Sciences.
=710  2\$aCommunication Skills Corporation.
=966  \\$aprimo

