=LDR  01379cgm  22003131  4500
=001  996704490102311
=005  20150603225656.0
=007  mr-caaad\\\\\\\\\\\\\\\
=008  750813p19701968xxu028\e\\\\\\\\\0mleng\c
=010  \\$a77703655 /F/r75
=035  \\$a(TU)000670449UTK01
=035  9\$a704142
=035  \\$a(OCoLC)05647436
=040  \\$aAssociation-Sterling Films$cDLC$dm.c.$dTKN
=049  \\$aTKNN
=050  \\$aHT111
=099  \\$aHT153.I3
=245  04$aThe Idea of the city.$h[videorecording]
=260  \\$bUniversity-at-Large,$c1968.$fMade by Al Maysles$fand David Maysles.$bReleased by Association-Sterling Films,$c1970.
=300  \\$a28 min.$bsd.,color.$c16 mm.
=490  0\$aGreat minds of our times series
=508  \\$aProducer and director, David X. Young.
=520  \\$aJohn Kenneth Galbraith traces the history of the modern city from its preindustrial state to the present, and examines the economic, aesthetic, and political needs of the industrial city, and considers its failures with particular minority groups. Discusses the concept of the responsibility of the city for its inhabitants and outlines a new role for urban government.
=600  10$aGalbraith, John Kenneth,$d1908-
=650  \0$aCities and towns.
=650  \0$aMunicipal government.
=710  2\$aUniversity-at-Large Programs, inc.
=710  2\$aAssociation-Sterling Films.
=966  \\$aprimo

