=LDR  01483agm  2200361u  4500
=001  996464740102311
=005  20150603225022.0
=007  vfrcbaho\
=008  850104q19801984nju045ue\\\\\\\\\0vleng\d
=035  \\$a(TU)000646474UTK01
=035  9\$a679431
=035  \\$a(OCoLC)11543921
=040  \\$aMST$cMST$dTKN
=043  \\$ae-gx---
=049  \\$aTKNk
=090  \\$aML410.W1$bR5x
=090  \\$aML410.W1$bR5
=099  \\$aML410.W1R5
=245  00$aRichard Wagner$h[videorecording] :$bthe man and his music.
=260  \\$aPrinceton, NJ :$bFilms for the Humanities,$c[198-?].
=300  \\$a1 videocassette (45 min.) :$bsd., col. ;$c1/2 in.
=500  \\$aVHS format.
=500  \\$aTitle from container.
=500  \\$a"Wagner Ring"
=505  0\$aWagner, man and musician -- Bayreuth through the years -- Ludwig, the Wagnerian dream -- Wahnfried, home of the Wagners -- Festspielhaus, a house for the Ring -- The Italian connection.
=511  0\$aFriedelind Wagner.
=520  \\$aA series of programs presenting an introduction to the life of Richard Wagner ; The city of Bayreuth ; King Ludwig of Bavaria, Wagner's patron ; Wahnfried, Wagner's home ; the Festspielhaus in Bayreuth ; and Wagner's death in Venice.
=600  10$aWagner, Richard,$d1813-1883.
=600  00$aLudwig$bII,$cKing of Bavaria,$d1845-1886.
=611  20$aBayreuther Festspiele.
=651  \0$aBayreuth (Germany)
=710  2\$aFilms for the Humanities (Firm)
=852  0\$822208810630002311$bH$cVHS$hML410.W1$iR5

