=LDR  01216cgm  22003131  4500
=001  996734370102311
=005  20150603225810.0
=007  g\\c\bdf\
=008  750404s1975\\\\xxu\\\\d\\\\\\\\\0f\eng\c
=010  \\$a74736170 /F
=035  \\$a(TU)000673437UTK01
=035  9\$a707187
=035  \\$a(OCoLC)05610736
=040  \\$aMacmillan Pub. Co.$cDLC$dm.c.$dTKN
=043  \\$an-us---
=049  \\$aTKNN
=090  \\$aE184.A1$bA532
=245  00$aAmerican mosaic :$bimmigrants in American history /
=260  \\$bMacmillan Pub. Co.,$c1975.$fMade by Jerome Ozer.
=300  \\$a4 filmstrips$bcolor.$c35 mm.$eand 4 phonodiscs.
=500  \\$aLibrary has 414 slides in 4 carousels.
=500  \\$aAlso issued with phonodiscs.
=500  \\$aWith teacher's guide.
=500  \\$aWritten by Jerome Ozer.
=520  \\$aPlaces the history of immigration to the United States in the broader context of American history. Encourages an understanding of the different qualities of the diverse ethnic groups which came to America.
=650  \0$aMinorities$zUnited States.
=651  \0$aUnited States$xEmigration and immigration$xHistory.
=710  2\$aMacmillan Publishing Company.
=852  0\$822192041060002311$bST$cSLIDE$hE184.A1$iA532

