=LDR  01583cgm  2200397u  4500
=001  996806510102311
=005  20150603225946.0
=007  vf-cnaho\
=008  851127s1983\\\\nyu141\\\\\\\\\\\1vlita\d
=035  \\$a(TU)000680651UTK01
=035  9\$a714580
=035  \\$a(OCoLC)12854116
=040  \\$aNBO$cNBO$dTKN
=049  \\$aTKN9
=090  \\$aM1500.V47$bF3 1983
=099  \\$aM1500.V47F3 1983
=245  00$aFalstaff$h[videorecording] /$cGiuseppe Verdi ; Covent Garden Video Productions, Ltd. and Royal Opera House Covent Garden, Ltd.
=260  \\$aNew York, N.Y. :$bThorn EMI Video,$cc1983.
=300  \\$a1 videocassette (141 min.) :$bsd., col. ;$c1/2 in. +$e1 booklet (69 p.).
=500  \\$aVideocassette release of the performance at the Royal Opera House on July 16, 1982.
=500  \\$aVHS format.
=500  \\$aTVE 2802
=500  \\$aBooklet contains libretto in Italian and English.
=508  \\$aMusic, Giuseppe Verdi ; words, Arrigo Boito ; conductor, Carlo Maria Giulini.
=511  1\$aRenato Bruson, Katia Ricciarelli, Leo Nucci, Barbara Hendricks, Dalmacio Gonzalez, Lucia Valentini-Terrani, Brenda Boozer.
=650  \0$aOperas.
=700  1\$aVerdi, Giuseppe,$d1813-1901.
=700  1\$aBoito, Arrigo,$d1842-1918.$tFalstaff.
=700  1\$aGiulini, Carlo Maria.
=700  1\$aBruson, Renato.
=700  1\$aRicciarelli, Katia.
=700  1\$aNucci, Leo.
=710  2\$aRoyal Opera House (London, England)
=710  2\$aThorn EMI Video (Firm)
=852  0\$822150752370002311$bH$cVHS$hM1500.V47$iF3 1983
=852  0\$822150752390002311$bMUS$cLN$hM1500.V47$iF3 1983

