=LDR  00866agm  2200241u  4500
=001  996495320102311
=005  20150603225121.0
=007  vfrcnahr\
=008  840628s1984\\\\nju020ue\\\\\\\\\0vleng\d
=035  \\$a(TU)000649532UTK01
=035  9\$a682550
=035  \\$a(OCoLC)10896775
=040  \\$aGZO$cGZO$dTKN
=049  \\$aTKNk
=090  \\$aHF5549$b.D4
=099  \\$aHF5549.D4
=245  00$aDealing with difficult people$h[videorecording] :$bthe manager's guide to dangerous animals /$ca film by Peter Matulavich.
=260  \\$aNew Brunswick, N.J. :$bPhoenix/BFA,$c1984.
=300  \\$a1 videocassette (20 min.) :$bsd., col. ;$c3/4 in.
=520  \\$aDiscusses difficult, problem personalities in work situations. Shows how to identify these personalites and how to tame them.
=650  \0$aPersonnel management.
=650  \0$aDeviant behavior.
=700  1\$aMatulavich, Peter.

