=LDR  01455ngm  22003611  4500
=001  996762350102311
=005  20150603225846.0
=007  vfucbaho\
=008  850628s1984\\\\xxu013\e\\\\\f\\\0vleng\c
=010  \\$a85700048 /F
=035  \\$a(TU)000676235UTK01
=035  9\$a710083
=035  \\$a(OCoLC)12556326
=040  \\$aNational Audiovisual Center$cDLC$dTKN
=043  \\$an-us-ma
=049  \\$aTKNk
=090  \\$aGB459.4$b.C3
=099  \\$aGB459.4.C3
=245  00$aCape Cod, the sands of time$h[videorecording] /$cNational Park Service, Division of Audiovisual Arts ; [produced by] Peace River Films ; producer, director, writer, Neil Goodman.
=260  \\$aWashington, DC :$bThe Division :$bDistributed by National Audiovisual Center,$c1984.
=300  \\$a1 videocassette (13 min.) :$bsd., col.
=500  \\$aTitle from data sheet.
=500  \\$aIntended audience: General.
=500  \\$aIssued as VHS 1/2 in.
=508  \\$aPhotography, Doug Schaffer, Neil Goodman.
=520  \\$aPresents an overview of how Cape Cod was created by the advance and retreat of glaciers and how it is continually being reshaped by the sea.
=650  \0$aCoast changes$zMassachusetts$zCape Cod.
=651  \0$aCape Cod (Mass.)
=710  1\$aUnited States.$bNational Park Service.$bDivision of Audiovisual Arts.
=710  2\$aPeace River Films.
=710  2\$aNational Audiovisual Center.
=852  0\$822250985000002311$bH$cVIDE2$h GB459.4$i .C3
=966  \\$aprimo

