=LDR  01106agm  2200301u  4500
=001  996507880102311
=005  20150603225150.0
=007  g--c-bfj\
=008  781004s1978\\\\xxu041\e\\\\\\\\\0sneng\c
=010  \\$a78720238 /F
=035  \\$a(TU)000650788UTK01
=035  9\$a683900
=035  \\$a(OCoLC)05644025
=040  \\$aCenter for Humanitites$cDLC$dm.c.$dTKN
=049  \\$aTKNN
=050  \\$aQA161.F3
=099  \\$aQA107.C6 pt.4
=245  00$aFactors.$h[slide] /$cHarper & Row, Publishers, inc.
=260  \\$aWhite Plains, N.Y. :$bCenter for Humanities,$c1978.
=300  \\$a41 slides :$bcol. ;$c2x2 in.$e& cassette (1/2-track. mono. 32 min.), teacher's guide, and worksheet.
=440  \0$aCompetency skills in arithmetic ; module 4
=500  \\$a"The skills group."
=500  \\$aAlso issued with sound accompaniment on disc.
=520  \\$aTopics covered include prime and composite numbers, prime factors, divisibility tests, greatest common multiple, and least common denominator.
=650  \0$aFactors (Algebra)
=650  \0$aNumbers, Prime.
=710  2\$aHarper & Row, Publishers.
=966  \\$aprimo

