=LDR  01317cgm  2200337u  4500
=001  996611190102311
=005  20150603225436.0
=007  vfrmnaho\
=008  840329s1980\\\\xx\---\e\\\\\\\\\0vleng\d
=035  \\$a(TU)000661119UTK01
=035  9\$a694571
=035  \\$a(OCoLC)10576384
=040  \\$aUUM$cUUM$dTKN
=049  \\$aTKNk
=090  \\$aD743$b.W6
=099  \\$aD743.W6
=245  04$aThe World at war$h[videorecording] /$c[a production of] Thames Television in cooperation with the Imperial War Museum.
=260  \\$a[S.l.] :$bThorn EMI Video,$cc1980-1982.
=300  \\$a26 videocassettes (VHS) (ca. 52 min. each) :$bsd., color with b&w sequences ;$c1/2 in.
=500  \\$aOn spine of case: "Special collector's series"
=500  \\$aEach segment has its own director.
=508  \\$aProducer, Jeremy Isaacs ; music, Carl Davis ; historical adviser, Dr. Noble Frankland.
=511  0\$aLaurence Olivier.
=520  \\$aExamines the events of World War II using documentary footage, photographs, and reminiscences of individuals involved in the conflict.
=650  \0$aWorld War, 1939-1945.
=700  1\$aIsaacs, Jeremy,$d1932-
=700  1\$aOlivier, Laurence,$d1907-
=710  2\$aThames Television, ltd.
=710  2\$aThorn EMI Video (Firm)
=710  2\$aImperial War Museum (Great Britain)
=966  \\$aprimo

