=LDR  01205ngm  2200301u  4500
=001  996771490102311
=005  20150603225905.0
=007  vf\ccahru
=008  860521s1984\\\\tnu118\\\\\\\\\\\1vleng\d
=035  \\$a(TU)000677149UTK01
=035  9\$a711012
=035  \\$a(OCoLC)13595685
=040  \\$aTKN$cTKN
=049  \\$atkn5
=090  \\$aSF774$b.D5
=099  \\$aSF774.D5
=245  00$aDiagnostic ultrasound in veterinary medicine$h[videorecording] / Thomas Nyland.
=260  \\$a[Knoxville] :$bCollege of Veterinary Medicine, University of Tennessee,$c1984.
=300  \\$a2 videocassettes :$bsd., col. ;$c3/4 in.
=538  \\$aU-matic.
=500  \\$aIllustrated lecture recorded at the University of Tennessee College of Veterinary Medicine, December 1984.
=505  0\$aPt. 1. Basic principles of ultrasonography with illustration of application in the large animal (58:00) -- pt. 2. Applications in the small animal (60:00).
=650  \0$aDiagnostic ultrasonic imaging.
=650  \0$aVeterinary medicine$xDiagnosis.
=700  1\$aNyland, Thomas.
=710  2\$aUniversity of Tennessee, Knoxville.$bCollege of Veterinary Medicine.
=852  0\$822221589810002311$bSC$cARVIS$hSF774$i.D5
=966  \\$aprimo

