=LDR  01034agm  2200265u  4500
=001  996833540102311
=005  20150603230140.0
=007  g--c-bfj\
=008  800708s1978\\\\vau080u\\\\\\\\\\0sneng\d
=035  \\$a(TU)000683354UTK01
=035  9\$a717411
=035  \\$a(OCoLC)06495209
=040  \\$aUIU$cUIU$dTKN
=049  \\$aTKNN
=090  \\$aSB419$b.I565
=099  \\$aSB419.I565
=245  00$aInterior planting$h[slide] /$cprepared for the Center for Environmental Design Education and Research.
=260  \\$aReston, Va. :$bDistributed by the Environmental Design Press,$c1978.
=300  \\$a80 slides :$bcol.$e+ 1 sound cassette and 1 program guide.
=520  \\$aPresents the concept of plants indoor, plants as a part of interior design, the scale of plant usage and planting as a design element.
=650  \0$aHouse plants in interior decoration.
=650  \0$aInterior decoration.
=710  2\$aCenter for Environmental Design Education and Research (U.S.)
=852  0\$822178683610002311$bST$cSTOR4$hSB419$i.I565
=966  \\$aprimo

