=LDR  01685ngm  2200325u  4500
=001  996585860102311
=005  20150603225402.0
=007  g--c-bfj\
=008  800602s1975\\\\wau053\fmz\\\\\\\0sneng\d
=035  \\$a(TU)000658586UTK01
=035  9\$a691975
=035  \\$a(OCoLC)06381079
=040  \\$aMXC$cMXC$dTKN
=049  \\$aTKNN
=099  \\$aSF407.P7N64
=245  00$aNonhuman primates :$bviral diseases$h[slide] /$cco-sponsored by American College of Laboratory Animal Medicine and Washington State University College of Veterinary Medicine; coordinated by G.L. VanHoosier, Jr.; produced and distributed by Health Sciences Learning Resources Center, University of Washington.
=260  \\$aSeattle, Wash. :$bG.L. VanHoosier, Jr., distributed by Health Sciences Learning Resources Center, University of Washington,$cc1975.
=300  \\$a53 slides :$bcol. ;$c2x2 in. &$ecassette (19 min.) and script.
=440  \0$aLaboratory animal medicine and science
=500  \\$aIncludes bibliographical references.
=508  \\$aPreparers, Robert A. Whitney, Jr., Harold W. Casey.
=520  \\$aDiscusses herpesviruses, poxviruses, measles, hepatitis, yellow fever, simian hemorrhagic fever, SV-40 virus, polio, rabies, and Marburg virus as complications of research and as public health hazards.
=650  \0$aPrimates$xDiseases.
=700  1\$aVanHoosier, G L.
=700  1\$aWhitney, Robert A.$q(Robert Arthur),$d1935-
=700  1\$aCasey, Harold W.
=710  2\$aAmerican College of Laboratory Animal Medicine.
=710  2\$aWashington State University.$bCollege of Veterinary Medicine.
=710  2\$aUniversity of Washington.$bHealth Sciences Learning Resources Center.
=966  \\$aprimo

