=LDR  01146agm  2200301u  4500
=001  996507810102311
=005  20150603225149.0
=007  g--c-bfj\
=008  781002s1979\\\\xxu053\e\\\\\\\\\0s\eng\c
=010  \\$a78720242 /F
=035  \\$a(TU)000650781UTK01
=035  9\$a683888
=035  \\$a(OCoLC)05644037
=040  \\$aCenter for Humanities$cDLC$dm.c.$dTKN
=049  \\$aTKNN
=050  \\$aQA117
=099  \\$aQA107.C6 pt.8
=245  00$aIntroduction to decimal fractions.$h[slide] /$cHarper & Row, Publishers, inc.
=260  \\$aWhite Plains, N.Y. :$bCenter for Humanities,$c1979.
=300  \\$a53 slides :$bcol. ;$c2x2 in.$e& cassette (1/2-track. mono. 36 min.), teacher's guide, and worksheet.
=440  \0$aCompetency skills in arithmetic ; module 8
=500  \\$a"The skills group."
=500  \\$aAlso issued with sound accompaniment on disc.
=520  \\$aTopics covered include place value, writing decimals as fractions, addition, subtraction, multiplication of decimals, powers of 10, and rounding off.
=650  \0$aDecimal fractions.
=710  2\$aHarper & Row, Publishers.
=740  0\$aDecimal fractions.$hSlide
=966  \\$aprimo

