=LDR  00328nrm  2200121u  4500
=001  996801060102311
=005  19970222000000.0
=008  \\\\\\s2000\\\\\\\\\\\\\\\\\\000\\\eng\d
=035  \\$a(TU)000680106UTK01
=035  9\$a714027
=099  \\$aZ7164.C93U5
=245  10$aTechnical and economic research for farmers cooperatives
=260  \\$aWashington$c1947

