=LDR  01084agm  2200301u  4500
=001  996512360102311
=005  20150603225147.0
=007  g--c-bej\
=008  750711s1975\\\\xxu035\e\\\\\\\\\0sneng\c
=010  \\$a75734532 /F
=035  \\$a(TU)000651236UTK01
=035  9\$a684363
=035  \\$a(OCoLC)05610856
=040  \\$aAmerican Institute of Biological Sciences$cDLC$dm.c.$dTKN
=049  \\$aTKNN
=050  \\$aQL737.R6
=099  \\$aQL737.R6A3
=245  00$aAdministration of anesthetics to rodents$h[slide]
=260  \\$bAmerican Institute of Biological Sciences.$bReleased by Communication Skills Corp.,$c1975.
=300  \\$a35 slides.$bcolor.$c2 x 2 in.$eand phonotape: 7 1/2 ips., approx. 15 min.
=440  \0$aAnimal handling skills series
=500  \\$aWith study guide.
=520  \\$aDemonstrates the laboratory technique of administering anesthetics to rodents.
=650  \0$aRodents as laboratory animals.
=650  \0$aAnesthetics$xAdministration.
=710  2\$aAmerican Institute of Biological Sciences.
=710  2\$aCommunication Skills Corporation.
=966  \\$aprimo

