=LDR  01221cgm  2200301u  4500
=001  996806500102311
=005  20150603225945.0
=007  vf-cbaho\
=008  860528s1985\\\\cau096\\\\\\\\\\\0vlrus\d
=035  \\$a(TU)000680650UTK01
=035  9\$a714579
=035  \\$a(OCoLC)13651984
=040  \\$aORU$cORU$dTKN
=049  \\$aTKNk
=090  \\$aPN1997$b.G36
=099  \\$aPN1997.G36
=245  00$aGarazh$h[videorecording] /$cMosfilʹm.
=260  \\$aSan Francisco, CA :$bARK's Intervideo,$c[1985?]
=300  \\$a1 videocassette (ca. 96 min.) :$bsd., col. ;$c1/2 in.
=500  \\$aVHS format.
=500  \\$aReleased in 1979 as a motion picture.
=508  \\$aDirector, Ėlʹdar Ri︠a︡zanov ; screenplay, Ėmilʹ Braginskiĭ, Ėlʹdar Ri︠a︡zanov ; music, Andreĭ Petrov ; camera, Vladimir Nakhabt︠s︡ev.
=511  1\$aLii︠a︡ Akhedzhakova, Ii︠a︡ Savvina, Svetlana Nemoli︠a︡eva, Valentin Gaft, Georgiĭ Burkov.
=520  \\$aA museum of natural history provides the background for a satirical look at Soviet customs.
=650  \0$aFeature films.
=700  1\$aRi︠a︡zanov, Ėlʹdar.
=710  2\$aMoskovskai︠a︡ kinostudii︠a︡ "Mosfilʹm."
=852  0\$822250974500002311$bH$cVIDEO$h PN1997$i .G36

