=LDR  01326ngm  2200301u  4500
=001  996486450102311
=005  20150603225101.0
=007  mr-bf-ad\\\\\\\\\\\\\\\
=008  850925s1982\\\\nyu011\\\\\\\\\\\0mleng\d
=035  \\$a(TU)000648645UTK01
=035  9\$a681648
=035  \\$a(OCoLC)12599587
=040  \\$aTKN$cTKN
=049  \\$atknk
=090  \\$aE801$b.A56
=099  \\$aE801.A56
=245  00$aAmerica today, 1932-1934 [and] The World in review$h[videorecording] /$cproduced by the Film and Photo League [of the] Workers International Relief.
=260  \\$aNew York, :$bMuseum of Modern Art Film Library,$cc1982.
=300  \\$a1 film reel (11 min.) :$bsi., b&w ;$c16 mm.
=508  \\$aPhotographer, editor, Leo Seltzer.
=520  \\$aAmerica today features protest against the first U.S. envoy from Nazi Germany, against the jailing of striking workers in New York, and against the framing of the Scottsboro Boys. The World in review depicts world leaders (Mussolini, Hitler, FDR) preparing for war.
=650  \0$aWorld politics$y1919-1932.
=651  \0$aUnited States$xHistory$y1919-1933.
=710  2\$aFilm and Photo League (U.S.)
=710  2\$aMuseum of Modern Art (New York, N.Y.).$bCirculating Film Library.
=740  4\$aThe World in review.
=852  0\$822207927590002311$bST$cFILM$hE801$i.A56
=966  \\$aprimo

