=LDR  01041ngm  2200301u  4500
=001  996771480102311
=005  20150603225904.0
=007  vf\ccahr\
=008  860521s1985\\\\tnu013\\\\\\\\\\\0vleng\d
=035  \\$a(TU)000677148UTK01
=035  9\$a711011
=035  \\$a(OCoLC)13595488
=040  \\$aTKN$cTKN
=049  \\$atkn5
=090  \\$aSF991$b.C69
=099  \\$aSF991.C69
=245  00$aCross pin and wire fixation of a transverse distal femoral fracture$h[videorecording] /$cJoseph P. Weigel.
=260  \\$a[Knoxville] :$bCollege of Veterinary Medicine, University of Tennessee,$cc1985.
=300  \\$a1 videocassette (13:00) :$bsd., col. ;$c3/4 in.
=538  \\$aU-matic.
=520  \\$aShows the correct procedure for surgery on a dog with a broken leg.
=650  \0$aVeterinary orthopedics.
=650  \0$aLeg$xFracture.
=650  \0$aDogs$xSurgery.
=700  1\$aWeigel, Joseph P.
=710  2\$aUniversity of Tennessee, Knoxville.$bCollege of Veterinary Medicine.
=852  0\$822221631090002311$bSC$cARVIS$hSF991$i.C69
=966  \\$aprimo

