=LDR  01238ngm  2200289u  4500
=001  996486950102311
=005  20150603225052.0
=007  mr\bf\ad\\\\\\\\\\\\\\\
=008  850925s1982\\\\nyu011\\\\\\\\\\\0mleng\d
=035  \\$a(TU)000648695UTK01
=035  9\$a681701
=035  \\$a(OCoLC)12599718
=040  \\$aTKN$cTKN
=049  \\$atknk
=090  \\$aE801$b.N3
=245  04$aThe National hunger march, 1931$h[motion picture] /$cproduced by the Film and Photo League.
=260  \\$aNew York :$bMuseum of Modern Art Film Library,$cc1982.
=300  \\$a1 film reel (11 min.) :$bsi., b&w ;$c16 mm.
=508  \\$aEditors, Lester Balog, Robert Del Duca, Leo Seltzer.
=520  \\$aShows the National Unemployment Council Hunger March of Nov. and Dec. 1931, concentrating on the activity as 1,650 men and women, black and white, set out from disparate parts of the U.S. to represent twelve million unemployed.
=650  \0$aDepressions$y1929$zUnited States.
=650  \0$aDemonstrations$zUnited States.
=651  \0$aUnited States$xHistory$y1919-1933.
=710  2\$aFilm and Photo League (U.S.)
=710  2\$aMuseum of Modern Art (New York, N.Y.).$bCirculating Film Library.
=852  0\$822207863330002311$bST$cFILM$hE801$i.N3
=966  \\$aprimo

