=LDR  01235agm  2200289u  4500
=001  996886580102311
=005  20150603230325.0
=007  go-c-bff\
=008  790228s1978\\\\ilu451\e\\\\\\\\\0fneng\c
=010  \\$a78731384 /F
=035  \\$a(TU)000688658UTK01
=035  9\$a722864
=035  \\$a(OCoLC)05647693
=040  \\$aUnited Learning$cDLC$dOCL$dTKN
=049  \\$aTKNN
=050  \\$aBL80.2
=099  \\$aBL90.M3
=245  00$aMajor world religions$h[filmstrip]
=260  \\$aNiles, Ill. :$bUnited Learning,$c1978.
=300  \\$a6 rolls :$bcol. ;$c35.$e& 6 cassettes (1/4-track. mono. 74 min.), 6 guides, and introductory guide.
=500  \\$aMounted as 451 slides in 6 carousels.
=500  \\$aSound accompaniment compatible for manual and automatic operation.
=505  0\$aIslam. 64.--Judaism. 63 fr.--Christianity 80 fr.--Religions of East Asia. 84 fr.--Hinduism. 80 fr.--Buddhism. 80 fr.
=520  \\$aProvides information about major religions practiced by people all over the world and to provide a means by which to compare religions in terms of the image of God, forms of worship, scriptures or message, moral codes, and beliefs about afterlife.
=650  \0$aReligions.
=710  2\$aUnited Learning (Firm)
=966  \\$aprimo

