=LDR  00968agm  2200253u  4500
=001  996499640102311
=005  20150603225117.0
=007  gs\cnbfj\
=008  840824s1983\\\\oku213ue\\\\\\\\\1sneng\d
=035  \\$a(TU)000649964UTK01
=035  9\$a682993
=035  \\$a(OCoLC)11087407
=040  \\$aUMF$cUMF$dTKN
=049  \\$aTKNk
=090  \\$aQE601$b.L3
=100  1\$aLageson, David R.
=245  10$aRegional tectonics of the Cordilleran fold and thrust belt$h[slide] /$cDavid R. Lageson ; sponsored by the American Association of Petroleum Geologists.
=260  \\$aTulsa, Okla. :$bthe Association,$c1983.
=300  \\$a213 slides :$bcol. ;$c5 x 5 cm. +$e6 audio cassettes and course notes booklet.
=500  \\$aIn 2 carousels.
=500  \\$aA continuing education course presented at the 1982 AAPG Fall Education Conference.
=650  \0$aGeology, Structural.
=710  2\$aAmerican Association of Petroleum Geologists.
=852  0\$822201394620002311$bST$cSLIDE$hQE601$i.L3

