=LDR  01787cgm  2200373u  4500
=001  996744240102311
=005  20150603225806.0
=007  vfrcnaho\
=008  840222s1983\\\\nyu115\\\\\\\\\\\0vleng\d
=035  \\$a(TU)000674424UTK01
=035  9\$a708239
=035  \\$a(OCoLC)10442861
=040  \\$aFPL$cFPL$dTKN
=049  \\$aTKNk
=090  \\$aPN1997$b.C88
=099  \\$aPN1997.C88
=245  00$aCross Creek$h[videorecording] /$cThorn EMI Films.
=260  \\$aNew York :$bThorn EMI Video,$cc1983.
=300  \\$a1 videocassette (115 min.) :$bsd., col. ;$c1/2 in.
=500  \\$aVHS format.
=500  \\$a"TVA 2184"
=500  \\$aBased on Marjorie Kinnan Rawlings memoirs' Cross Creek.
=500  \\$aVideocassette release of the 1983 motion picture by Thorn EMI Films.
=508  \\$aProducer, Robert B. Radnitz ; director, Martin Ritt ; screenplay, Darlene Young ; music, Leonard Rosenman.
=511  1\$aMary Steenburgen, Rip Torn, Peter Coyote, Dana Hill.
=511  0\$aLos Angeles Chamber Orchestra ; Lionel Newman, conductor.
=520  \\$aAfter ten years as a frustrated newspaper reporter and unsuccessful author of fiction, Marjorie Rawlings turns her back on financial security and takes up residence in the unknown and wholly-alien culture of the Florida Everglades. In this remote, wild and untamed portion of central Florida, Rawlings is inspired to create a gallery of unforgettable characters and to produce critically-acclaimed best sellers.
=600  10$aRawlings, Marjorie Kinnan,$d1896-1953.
=650  \0$aFeature films.
=700  1\$aRawlings, Marjorie Kinnan,$d1896-1953.$tCross Creek$h[videorecording].
=700  1\$aSteenburgen, Mary.
=710  2\$aThorn EMI Films.
=710  2\$aThorn EMI Video (Firm)
=852  0\$822250969860002311$bH$cVIDE2$h PN1997$i .C88

