=LDR  01141cgm  2200325u  4500
=001  996834120102311
=005  20150603230131.0
=007  vf\cbaho\
=008  860228s1976\\\\nju029\e\\\\\\\\\0vleng\d
=035  \\$a(TU)000683412UTK01
=035  9\$a717470
=035  \\$a(OCoLC)13212793
=040  \\$aULS$cULS$dTKN
=049  \\$aTKN9
=090  \\$aML750$b.B6
=099  \\$aML750.B6
=245  00$aBowed instruments$h[videorecording] /$cGranada Television International ; written and introduced by David Munrow ; directed by Peter Plummer ; producer, Peter Potter.
=260  \\$aPrinceton, N.J. :$bFilms for the Humanities,$c1976.
=300  \\$a1 videocassette (29 min.) :$bsd., col. ;$c1/2 in.
=440  \0$aEarly musical instruments ;$v4
=500  \\$aVHS format.
=511  0\$aEarly Music Consort of London.
=650  \0$aBowed stringed instruments$xHistory.
=650  \0$aMusical instruments$xHistory.
=700  1\$aMunrow, David.
=710  2\$aEarly Music Consort of London.
=710  2\$aFilms for the Humanities (Firm)
=710  2\$aGranada Television International.
=852  0\$822178815830002311$bH$cVHS$hML750$i.B6
=966  \\$aprimo

