=LDR  01533ngm  22003611  4500
=001  996776180102311
=005  20150603225855.0
=007  vf-cbaho\
=008  850605s1984\\\\xxu018\e\\\\\f\\\0vleng\c
=010  \\$a85700050 /F
=035  \\$a(TU)000677618UTK01
=035  9\$a711489
=035  \\$a(OCoLC)12342090
=040  \\$aNational Audiovisual Center$cDLC$dTKN
=043  \\$an-us-or
=049  \\$aTKNk
=050  \\$aF882.C8
=090  \\$aF882.C8$bC7
=099  \\$aF882.C8C7
=245  00$aCrater Lake$h[videorecording] /$cNational Park Service, Division of Audiovisual Arts ; producer, director, writer, Kevin Peer.
=260  \\$aWashington, DC :$bThe Division :$bDistributed by National Audiovisual Center,$c1984.
=300  \\$a1 videocassette (18 min.) :$bsd., col.
=500  \\$aTitle from data sheet.
=500  \\$aIntended audience: Visitors to Crater Lake National Park.
=500  \\$aIssued as VHS 1/2 in.
=508  \\$aPhotographer, Kevin Peer.
=520  \\$aExplores man's relationship with Crater Lake in Oregon from prehistory to the present. Examines Indian legends about the origin of the lake and contrasts the impact of the white man's westward expansion on the Indian culture that had existed in the area for thousands of years.
=651  \0$aCrater Lake (Or.)
=651  \0$aCrater Lake National Park (Or.)
=710  1\$aUnited States.$bNational Park Service.$bDivision of Audiovisual Arts.
=710  2\$aNational Audiovisual Center.
=852  0\$822250968860002311$bH$cVIDE2$h F882.C8$i C7
=966  \\$aprimo

