=LDR  01744ngm  2200469u  4500
=001  996836940102311
=005  20150603230146.0
=007  vf\mcahru
=008  860724r19791980gau058\\\\\\\\\\\0vleng\d
=035  \\$a(TU)000683694UTK01
=035  9\$a717788
=035  \\$a(OCoLC)13923984
=040  \\$aTKN$cTKN
=049  \\$atknk
=090  \\$aML419.M18$bU5
=245  04$aThe Uncle Dave Macon program$h[videorecording] /$cGeorgia Public Television ; photographed, directed, edited and produced by Blaine Dunlap & Sol Korine.
=260  \\$aNew York :$bElectronic Arts Intermix,$c1979, c1980.
=300  \\$a1 videodisc :$bdigital ;$c4 3/4 in.
=538  \\$aDVD.
=500  \\$aReproduction from U-matic.
=530  \\$aAlso available in VHS.
=511  0\$aSid Harkreader, Kirk McGee, Roy Acuff, Pete Seeger, Hotmud Family, Cordell Kemp, Alcyone Bate Beasley, C. P. Blankenship.
=520  \\$aThe life of the Grand Ole Opry's first star, banjo player Uncle Dave Macon, is examined in this program.
=600  10$aMacon, Uncle Dave,$d1870-1952.
=650  \0$aCountry musicians$zTennessee$zBiography.
=650  \0$aCountry music$zTennessee
=650  \0$aFolk music$zTennessee
=650  \0$aMusic videos
=700  1\$aMacon, David Harrison,$d1870-1952.
=700  1\$aAcuff, Roy.
=700  1\$aSeeger, Pete,$d1919-
=700  1\$aDunlap, Blaine.
=700  1\$aKorine, Sol.
=700  1\$aMacon, Dorris
=700  1\$aWolfe, Charles.
=700  1\$aHarkreader, Sidney J.
=700  1\$aMcGee, Kirk,$d1899-
=710  2\$aGeorgia Educational Television Network.
=710  2\$aElectronic Arts Intermix (Firm)
=852  0\$822178681780002311$bMUS$cDVD$hML419 .M18$iU5
=852  0\$822178681740002311$bH$cVHS$hML419 .M18$iU5
=966  \\$aprimo

