=LDR  01073agm  2200265u  4500
=001  996856720102311
=005  20150603230214.0
=007  g--c-bfj\
=008  790518s1978\\\\vau080uem\\\\\\\\0sneng\d
=035  \\$a(TU)000685672UTK01
=035  9\$a719828
=035  \\$a(OCoLC)04979501
=040  \\$aMNQ$cMNQ$dTKN
=049  \\$aTKNN
=090  \\$aTL175$b.P3
=099  \\$aTL175.P3
=245  00$aParking lot landscape development$h[slide] :$ban environmental design instructional module. /$cprepared for the Center for Environmental Design Education and Research.
=260  \\$aReston, Va. :$bEnvironmental Design Press,$cc1978.
=300  \\$a80 slides :$bcol. ;$c2x2 in.$e& 1 cassette, script.
=490  0\$aEnvironmental design instructional module
=520  \\$aIllustrates how landscape development can be used to relieve the harshness and unpleasantness of large parking areas.
=650  \0$aParking lots$xLandscape architecture.
=710  2\$aCenter for Environmental Design Education and Research (U.S.)
=852  0\$822184791480002311$bST$cSTOR4$hTL175$i.P3
=966  \\$aprimo

