=LDR  01133agm  2200277u  4500
=001  996833550102311
=005  20150603230141.0
=007  gsocnbfj\
=008  811020s1979\\\\vau080ufmz\\\\\\\0sneng\d
=035  \\$a(TU)000683355UTK01
=035  9\$a717412
=035  \\$a(OCoLC)07859714
=040  \\$aCPO$cCPO$dTKN
=049  \\$aTKNN
=090  \\$aSB436$b.S8
=099  \\$aSB436.S8
=245  00$aStreet trees$h[slide] /$cprepared for the Center for Environmental Design Education and Research.
=260  \\$aReston, VA :$bDistributed by Environmental Design Press,$cc1979.
=300  \\$a80 slides :$bcol. +$e1 sound cassette (2-track, mono.) + 1 script.
=490  0\$aAn Environmental Design instructional module
=500  \\$aSound accompaniment compatible for manual and automatic operation.
=520  \\$aDiscusses and illustrates some of the major purposes served by city street trees, and the design considerations in the use and selection of street trees.
=650  \0$aTrees in cities.
=710  2\$aCenter for Environmental Design Education and Research (U.S.)
=852  0\$822178770410002311$bST$cSTOR4$hSB436$i.S8
=966  \\$aprimo

