=LDR  00941agm  2200253u  4500
=001  996474510102311
=005  20150603225103.0
=008  780906s1975\\\\xx\\\\u\\\\\\\\\\0uueng\d
=035  \\$a(TU)000647451UTK01
=035  9\$a680426
=035  \\$a(OCoLC)04200833
=040  \\$aMUU$cMUU$dTKN
=049  \\$aTKNN
=090  \\$aQD251.B43$bV47 1975
=099  \\$aQD251.B43V47
=100  1\$aVestling, Martha M.
=245  12$aA guide to Beilstein's Handbuch der organischen Chemie /$cMartha M. Vestling, Janice T. Liebe.
=260  \\$aBoca Raton, Fla. :$bJ. Huley,$c1975.
=300  \\$a32 slides (1 carousel) ;$bcol. ;$c2 x 2 in. &$ecassette (4-track) and commentary.
=490  0\$aEducation programs in science.
=500  \\$aCover title of glossary.
=600  10$aBeilstein, Friedrich Konrad,$d1838-1906.$tHandbuch der organischen chemie.
=700  1\$aBeilstein, Friedrich Konrad,$d1838-1906.$tHandbuch der organischen chemie.
=700  1\$aLiebe, Janice.

