=LDR  01264ngm  22003371  4500
=001  996718840102311
=005  20150603225715.0
=007  mrucaaad\\\\\\\\\\\\\\\
=008  850219s1984\\\\xxu057\e\\\\\\\\\0mleng\c
=010  \\$a84701262 /F
=020  \\$cFor sale ( 850.00) or rent ( 100.00)
=035  \\$a(TU)000671884UTK01
=035  9\$a705607
=035  \\$a(OCoLC)11915487
=040  \\$aALA Booklist$cDLC$dTKN
=049  \\$aTKNk
=090  \\$aBX4705.M542$bM38
=245  00$aMerton$h[motion picture] /$cproducers, Paul Wilkes and Audrey Laurine Glynn ; director, Paul Wilkes.
=260  \\$aNew York, N.Y. :$bFirst Run Features,$c1984.
=300  \\$a1 film reel (57 min.) :$bsd., col. ;$c16 mm.
=500  \\$aTitle from data sheet.
=500  \\$aIntended audience: Adults.
=520  \\$aPresents a study of the life of Thomas Merton, Trappist monk and author, through archival film and still photographs, interviews, and readings from his writings.
=600  10$aMerton, Thomas,$d1915-1968,
=650  \0$aMonks$zUnited States$vBiography.
=610  20$aTrappists$zUnited States$vBiography.
=700  1\$aMerton, Thomas,$d1915-1968
=700  1\$aWilkes, Paul,$d1938-
=700  1\$aGlynn, Audrey Laurine.
=710  2\$aFirst-Run Features (Firm)
=966  \\$aprimo

