=LDR  00923ngm  2200265u  4500
=001  996888720102311
=005  20150603230321.0
=007  mr-caaad\\\\\\\\\\\\\\\
=008  781221s1973\\\\nyu030ug\\\\\\\\\0mleng\d
=035  \\$a(TU)000688872UTK01
=035  9\$a723082
=035  \\$a(OCoLC)04483398
=040  \\$aCCH$cCCH$dTKN
=043  \\$aa-cc---
=049  \\$aTKNN
=090  \\$aBQ626$b.B84
=099  \\$aBQ626.B8
=245  00$aBuddhism in China.$h[motion picture] /$cWan-go Weng.
=260  \\$aNew York :$bPictura Films,$c1973.
=300  \\$a1 reel, 30 min.$bsd.,col.$c16 mm.
=500  \\$aCassette copy.
=520  \\$aSurveys the development of Buddhism in China from its introduction to its subsequent growth and transformation. Basic ideas of Chinese Buddhism and their influence on the character and life of the Chinese are discussed.
=650  \0$aBuddhism$zChina.
=650  \0$aBuddhism$zChina$xHistory.
=966  \\$aprimo

