=LDR  01319ngm  22003251  4500
=001  996718860102311
=005  20150603225716.0
=007  mrucaaad\\\\\\\\\\\\\\\
=008  820412s1981\\\\ilu026\e\\\\\\\\\0mleng\c
=010  \\$a81701172 /F
=035  \\$a(TU)000671886UTK01
=035  9\$a705609
=035  \\$a(OCoLC)08354412
=040  \\$aCINE$cDLC$dTKN
=049  \\$aTKNk
=050  \\$aHD6060.3
=090  \\$aHD6060.3$b.P6
=099  \\$aHD6060.3.P6
=245  04$aThe Power pinch$h[motion picture] /$cMTI Teleprograms Inc. ; [produced by] Integrated Video Services Inc.
=260  \\$aNorthbrook, Ill. :$bMTI Teleprograms,$c1981.
=300  \\$a1 film reel (26 min.) :$bsd., col. ;$c16 mm.
=500  \\$aTitle from data sheet.
=500  \\$aAlso includes 1 portfolio containing Employee guide, Manager's handbook, etc..
=520  \\$aA documentary illustrating behavior which is defined as sexually harassing, with emphasis on the economic, legal, and emotional ramifications. Explains the underlying causes of such behavior and shows what all involved parties can do to prevent it.
=650  \0$aSexual harassment of women.
=650  \0$aSex discrimination in employment.
=650  \0$aSex discrimination against women.
=710  2\$aMTI Teleprograms Inc.
=710  2\$aIntegrated Video Services Inc.
=966  \\$aprimo

