=LDR  01901ngm  2200361u  4500
=001  996882130102311
=005  20150603230312.0
=007  vf\ccahr\
=008  860815s1985\\\\xx\150\\\\\\\\\\\0vleng\d
=035  \\$a(TU)000688213UTK01
=035  9\$a722409
=035  \\$a(OCoLC)14095231
=040  \\$dm/c$dTKN
=049  \\$aTKNN
=090  \\$aZ718$b.L5 1985
=099  \\$aZ718.L5 1985
=245  00$aLibraries and librarians$h[videorecording] :$bpartners in learning : a colloquium for librarians and teachers /$chosted by the University of Tennessee, Knoxville Library, the Knoxville City Schools Instructional Media Dept., Knox County Schools Instructional Media Dept.
=260  \\$c1985.
=300  \\$a3 videocassettes (ca. 150 min.) :$bsd., col. ;$c3/4 in.
=538  \\$aU-matic.
=500  \\$aHeld Nov. 1, 1985 at the University of Tennessee, Knoxville and chaired by Angie LeClercq.
=500  \\$aPt. 3 has title: The high school-university transition : preparing students for the academic library.
=520  \\$aStresses the usefulness of building connections between the teachers and librarians of the school systems and the university to help students build life-long learning skills of reading, research, and writing. Assignments developed with a team approach are presented and discussed.
=650  \0$aLibraries and schools$vCongresses.
=650  \0$aLibraries and students$vCongresses.
=650  \0$aLibraries and education.
=650  \0$aLibrary orientation for college students$vCongresses.
=710  2\$aUniversity of Tennessee, Knoxville.$bLibraries.
=710  2\$aKnoxville City Schools (Knoxville, Tenn.).$bInstructional Media Dept.
=710  2\$aKnox County Schools (Tenn.)$bInstructional Media Dept.
=740  4\$aThe high school-university transition : preparing students for the academic library.
=852  0\$822214743280002311$bSC$cARVIS$hZ718$i.L5 1985
=966  \\$aprimo

