=LDR  01240agm  2200313u  4500
=001  996507820102311
=005  20150603225149.0
=007  g--c-bfj\
=008  781004s1979\\\\xxu047\e\\\\\\\\\0sneng\c
=010  \\$a78720241 /F
=035  \\$a(TU)000650782UTK01
=035  9\$a683890
=035  \\$a(OCoLC)05644034
=040  \\$aCenter for Humanities$cDLC$dm.c.$dTKN
=049  \\$aTKNN
=050  \\$aQA117
=099  \\$aQA107.C6 pt.7
=245  00$aMultiplication and division of fractions.$h[slide] /$cHarper & Row, Publishers, inc.
=260  \\$aWhite Plains, N.Y. :$bCenter for Humanities,$c1979.
=300  \\$a47 slides :$bcol. ;$c2x2 in.$e& cassette (1/2-track. mono. 34 min.), teacher's guide, and worksheet.
=440  \0$aCompetency skills in arithmetic ; module 7
=500  \\$a"The skills group."
=500  \\$aAlso issued with sound accompaniment on disc.
=520  \\$aTopics covered include multiplication of fractions and mixed numbers, multiplication by whole numbers, cancellation in multiplication, division, reciprocals, division by whole numbers, and division of whole numbers by fractions.
=650  \0$aFractions.
=650  \0$aMultiplication.
=650  \0$aDivision.
=710  2\$aHarper & Row, Publishers.
=966  \\$aprimo

