=LDR  01123agm  2200301u  4500
=001  996507840102311
=005  20150603225150.0
=007  g--c-bfj\
=008  781002s1979\\\\xxu052\e\\\\\\\\\0sneng\c
=010  \\$a78720239 /F
=035  \\$a(TU)000650784UTK01
=035  9\$a683892
=035  \\$a(OCoLC)05644028
=040  \\$aCenter for Humanities$cDLC$dm.c.$dTKN
=049  \\$aTKNN
=050  \\$aQA117
=099  \\$aQA107.C6 pt.5
=245  00$aIntroduction to fractions.$h[slide] /$cHarper & Row, Publishers, inc.
=260  \\$aWhite Plains, N.Y. :$bCenter for Humanities,$c1979.
=300  \\$a52 slides :$bcol. ;$c2x2 in.$e& cassette (1/2-track. mono. 35 min.), teacher's guide, and worksheet.
=440  \0$aCompetency skills in arithmetic ; module 5
=500  \\$a"The skills group."
=500  \\$aAlso issued with sound accompaniment on disc.
=520  \\$aTopics covered include terms of fractions, reduction to lowest terms, conversion to higher terms, least common multiple, and least common denominator.
=650  \0$aFractions.
=710  2\$aHarper & Row, Publishers.
=740  0\$aFractions.$hSlide
=966  \\$aprimo

