=LDR  01110cgm  2200301u  4500
=001  996804210102311
=005  20150603225937.0
=007  vf-bbaho\
=008  860624p19831937cc\100\\\\\\\\\\\0vlchi\d
=035  \\$a(TU)000680421UTK01
=035  9\$a714349
=035  \\$a(OCoLC)13769061
=040  \\$aTKN$cTKN
=049  \\$atknk
=090  \\$aPN1997$b.S84
=099  \\$aPN1997.S84
=245  00$aStreet angel$h[videorecording] /$cdirector, Yuan Muzhi.
=260  \\$aSan Francisco :$bChina Video Movies Distributing Co.,$c1983.
=300  \\$a1 videocassette (100 min.) :$bsd., b&w ;$c1/2 in.
=440  \0$aChina video movies ;$v1006.
=500  \\$aVHS format.
=500  \\$aTitle from container ; title also in Chinese.
=500  \\$aVideocassette release of the 1937 motion picture.
=511  1\$aZhao Dan ; Wei Heling ; Zhou Xuan.
=520  \\$aTakes place in the slums of Shanghai in 1935. Describes the friendship of a street musician, his friends, and two unfortunate sisters.
=650  \0$aFeature films.
=710  2\$aChina Video Movies Distributing Co.
=852  0\$822250947190002311$bH$cVIDE2$h PN1997$i .S84

