=LDR  01391cgm  2200397u  4500
=001  996813820102311
=005  20150603225958.0
=007  vf\cbaho\
=008  850308r19841962nyu190\\\\\\\\\\\0vlger\d
=035  \\$a(TU)000681382UTK01
=035  9\$a715328
=035  \\$a(OCoLC)11778331
=040  \\$aVA@$cVA@$dTKN
=049  \\$aTKN9
=090  \\$aM1500.S87$bR6 1984b
=099  \\$aM1500.S87R6 1984b
=245  04$aDer Rosenkavalier$h[videorecording] /$cRichard Strauss.
=260  \\$aNew York, N.Y. :$bVideo Arts International,$cc1984.
=300  \\$a2 videocassettes (190 min.) :$bsd., col. ;$c1/2 in.
=490  0\$aA Salzburg Festival performance
=500  \\$aVHS format
=500  \\$aSung in German.
=500  \\$aVideorecording of a 1962 production.
=508  \\$aConducted by Herbert von Karajan, Vienna Philharmonic Orchestra.
=511  1\$aElisabeth Schwarzkopf, Sena Jurinac, Anneliese Rothenberger, Otto Edelmann, Erich Kunz.
=650  \0$aOperas.
=700  1\$aStrauss, Richard,$d1864-1949.$tRosenkavalier.
=700  1\$aSchwarzkopf, Elisabeth.$4prf
=700  1\$aJurinac, Sena,$d1921-$4prf
=700  1\$aRothenberger, Anneliese.$4prf
=700  1\$aEdelmann, Otto.$4prf
=700  1\$aKunz, Erich,$d1909-$4prf
=710  2\$aWiener Philharmoniker.$4prf
=710  2\$aVideo Arts International.
=852  0\$822179920020002311$bH$cVHS$hM1500.S87$iR6 1984b
=966  \\$aprimo

