=LDR  01432ngm  2200337u  4500
=001  996718880102311
=005  20150603225716.0
=007  grrcaaad\
=008  840131s1965\\\\cau128\e\\\\\\\\\0mleng\d
=035  \\$a(TU)000671888UTK01
=035  9\$a705611
=035  \\$a(OCoLC)10356670
=040  \\$aFNP$cFNP$dTKN
=049  \\$aTKNk
=090  \\$aRC480.5$b.T565
=099  \\$aRC480.5.T565
=245  00$aThree approaches to psychotherapy$h[motion picture] /$cproduced by Psychological Films ; produced and directed by Everett L. Shostrom.
=260  \\$a[Santa Ana, Calif. :$bPsychological Films,$c1965]
=300  \\$a3 film reels (128 min.) :$bsd., col. ;$c16 mm.
=500  \\$aSupplements the book: Therapeutic psychology / by Lawrence M. Brammer and Everett L. Shostrom.
=505  0\$aPart I. Dr. Carl Rogers -- Part II. Dr. Frederick Perls -- Part III Dr. Albert Ellis.
=520  \\$aIllustrates three types of psychotherapy using the same patient. Each therapist describes his style of therapy, interviews the patient, and comments after the session.
=650  \0$aPsychotherapy.
=650  \0$aClient-centered psychotherapy.
=650  \0$aGestalt psychology.
=650  \0$aRational emotive behavior therapy.
=700  1\$aEllis, Albert,$d1913-
=700  1\$aPerls, Frederick S.
=700  1\$aRogers, Carl R.$q(Carl Ransom),$d1902-
=710  2\$aPsychological Films, inc.
=852  0\$822150807340002311$bST$cFILM$hRC480.5$i.T565

