=LDR  01198ngm  2200289u  4500
=001  996486460102311
=005  20150603225102.0
=007  mr-bf-ad\\\\\\\\\\\\\\\
=008  850925s1982\\\\miu007\\\\\\\\\\\0mleng\d
=035  \\$a(TU)000648646UTK01
=035  9\$a681649
=035  \\$a(OCoLC)12599632
=040  \\$aTKN$cTKN
=049  \\$atknk
=090  \\$aF574.D4$bD45
=099  \\$aF574.D4D45
=245  00$aDetroit workers news special, 1932$h[motion picture] :$bFord massacre /$crestored by Leo Seltzer ; produced by Film & Photo League.
=260  \\$aNew York :$bMuseum of Modern Art Film Library,$cc1982.
=300  \\$a1 film reel (7 min.) :$bsi., b&w ;$c16 mm.
=508  \\$aEditors, Joseph P. Hudyma, Lester Balog.
=520  \\$aShows the march to Grand Circus Park through bitter cold and snow to petition for unemployment relief and oppose President Hoover and Mayor Murphys̓ "starvation program."
=650  \0$aDepressions$y1929$zUnited States.
=651  \0$aDetroit (Mich.)$xDemonstration, 1932.
=710  2\$aFilm and Photo League (U.S.)
=710  2\$aMuseum of Modern Art (New York, N.Y.).$bCirculating Film Library.
=852  0\$822207860980002311$bST$cFILM$hF574.D4$iD45
=966  \\$aprimo

