=LDR  01129agm  2200277u  4500
=001  996502260102311
=005  20150603225129.0
=008  850117s1981\\\\nyu250u\\\\\\\\\\1sneng\d
=035  \\$a(TU)000650226UTK01
=035  9\$a683264
=035  \\$a(OCoLC)11592790
=040  \\$aGOH$cGOH$dTKN
=049  \\$aTKNN
=090  \\$aQE185$b.V4
=100  1\$aVerrall, Peter.
=245  10$aStructural geology in the Canadian Overthrust Belt$h[slide] /$cPeter Verrall, Clint Dahlstrom, Harold Freund.
=260  \\$aNew York :$bScience-Thru-Media, Inc. [production company] ;$aTulsa, Okla. :$bAmerican Association of Petroleum Geologists [distributor],$cc1981.
=300  \\$a250 slides :$bcol. +$e9 sound cassettes.
=500  \\$aIn two carousels.
=500  \\$a"A continuing education course presented at the 1981 AAPG Fall Education Conference."
=650  \0$aGeology$zCanada$zOverthrust Belt.
=650  \0$aGeology, Structural.
=650  \0$aThrust faults (Geology)$zCanada$zOverthrust Belt.
=710  2\$aAmerican Association of Petroleum Geologists.
=710  2\$aScience-Thru-Media, Inc.
=852  0\$822194578440002311$bST$cSLIDE$hQE185$i.V4

