=LDR  01078ngm  2200277u  4500
=001  996497810102311
=005  20150603225136.0
=007  vf\ccahr\
=008  850927s1980\\\\tnu024\\\\\\\\\\\0vleng\d
=035  \\$a(TU)000649781UTK01
=035  9\$a682807
=035  \\$a(OCoLC)12608903
=040  \\$aTKN$cTKN
=049  \\$atkn5
=090  \\$aSF991$b.T733
=099  \\$aSF991.T733
=245  00$aTreatment of cardiac arrest in the dog$h[videorecording] :$bimproved demonstration methodology to present clinical rationale /$cby Jack W. Oliver [et al.]
=260  \\$aKnoxville :$bCollege of Veterinary Medicine, University of Tennessee,$c1980.
=300  \\$a1 videocassette (24 min.) :$bsd., col.;$c3/4 in.
=538  \\$aU-matic.
=520  \\$aPurpose is to provide physiological and pharmacologic information concerning cardiac arrest and its treatment.
=650  \0$aVeterinary cardiology.
=650  \0$aDogs$xDiseases.
=700  1\$aOliver, Jack W.
=710  2\$aUniversity of Tennessee, Knoxville.$bCollege of Veterinary Medicine.
=852  0\$822201434990002311$bSC$cARVIS$hSF991$i.T733

