=LDR  01090ngm  22003251  4500
=001  996641370102311
=005  20150603225517.0
=007  vf\ccahru
=008  850313s1984\\\\xxu018\e\\\\\\\\\0vleng\c
=010  \\$a84707872 /F
=035  \\$a(TU)000664137UTK01
=035  9\$a697646
=035  \\$a(OCoLC)11918721
=040  \\$aALA Booklist$cDLC$dTKN
=049  \\$aTKNk
=050  \\$aHF6161.A9
=090  \\$aHF6161.A9$bC3
=099  \\$aHF6161.A9C3
=245  04$aThe Car of your dreams$h[videorecording] /$cBob Rogers & Company, Inc. ; producer, Bob Rogers.
=260  \\$aSanta Monica, CA :$bPyramid Films and Video,$c1984.
=300  \\$a1 videocassette (18 min.) :$bsd., col.
=538  \\$aU-matic.
=500  \\$aTitle from data sheet.
=500  \\$aIntended audience: Ages 13 through adult.
=520  \\$aLooks at thirty-six years of automotive television commercials that remind us of who we were and who we wanted to be.
=650  \0$aAdvertising$xAutomobiles.
=650  \0$aTelevision advertising.
=710  2\$aBob Rogers & Company.
=710  2\$aPyramid Film & Video.
=966  \\$aprimo

