=LDR  01683cgm  2200397u  4500
=001  996704400102311
=005  20150603225654.0
=007  vfrcbaho\
=008  841026q19801984cau095\g\\\\\\\\\\vlrus\d
=035  \\$a(TU)000670440UTK01
=035  9\$a704133
=035  \\$a(OCoLC)11314235
=040  \\$aMTH$cMTH$dTKN
=049  \\$aTKNk
=090  \\$aPN1997$b.B37
=099  \\$aPN1997.B37
=245  00$aBelorusskii︠ℓ︡vokzal$h[videorecording] /$cMosfilʹm, Tvorcheskoe obʹedinenie tovarishch ;avtor sts︠e︡nariia︠,︡ Vadim Trunin ;rezhisser-postanovshchik Andreĭ Smirnov ;rezhisser A. Macheret.
=260  \\$aSan Francisco, CA :$bArk's Intervideo,$c[198-]
=300  \\$a1 videocassette (95 min.) :$bsd., col. ;$c1/2 in.
=500  \\$aEnglish title [tr. by cataloger]: Byelorussian [railway] station.
=500  \\$aIssued also as a motion picture.
=508  \\$aGlavnyĭ operator, Pavel Lebeshev ;glavnyĭ khydozhnik, Vladimir Koronin ;music, B. Okudzhava ;operator, V. Mikhailov ;direktor kartiny A. Stefanskiĭ.
=511  1\$aAleksei Glazirin, Evgenii Leonov, Anatolii Papanov, Vsevolog Safonov.
=520  \\$aThree friends come to bury a fourth and reminisce about World War II.
=650  \0$aFeature films.
=700  1\$aSmirnov, Andreĭ.
=700  1\$aMacheret, Aleksandr Veniaminovich.
=700  1\$aTrunin, Vadim.
=700  1\$aGlazirin, Aleksei.
=700  1\$aLeonov, Evgeniĭ.
=700  1\$aPapanov, Anatoliĭ,$d1922-1987.
=700  1\$aSafonov, Vsevolog.
=710  2\$aMoskovskai︠a︡ kinostudii︠a︡ "Mosfilʹm."
=710  2\$aArk's Intervideo.
=740  0\$aByelorussian [railway] station.
=852  0\$822250970070002311$bH$cVIDE2$h PN1997$i .B37

