=LDR  01501cga  2200385   4500
=001  996500260102311
=005  20150603225127.0
=007  vf\bbaho\
=008  850502s1983\\\\ctu103\g\\\\\\\\\0vleng\d
=035  \\$a(TU)000650026UTK01
=035  9\$a683057
=035  \\$a(OCoLC)11991888
=040  \\$aIWA$cIWA$dTKN
=049  \\$aTKNk
=090  \\$aPN1997$b.M185 1983
=099  \\$aPN1997.M185 1983
=245  00$aMacbeth /$h[videorecording]$ca Maurice Evans production in cooperation with NBC ; directed by George Schaefer.
=260  \\$aSandy Hook, Conn. :$bVideo Images,$cc1983.
=300  \\$a1 videocassette (103 min.) :$bsd., b&w ;$c1/2 in.
=440  \0$aHallmark hall of fame
=440  \0$aVideo Yesteryear recording
=500  \\$aSponsored by Hallmark Cards; commercials by the sponsor inserted at the end of the program.
=500  \\$aVHS format.
=511  1\$aMaurice Evans, Dame Judith Anderson, House Jameson.
=518  \\$aRecorded from a broadcast of the television program, the Hallmark hall of fame, Nov. 28, 1954, on NBC Network.
=520  \\$aA dramatization of William Shakespeare's play Macbeth.
=650  \0$aFeature films.
=650  \0$aTelevision plays.
=700  1\$aShakespeare, William,$d1564-1616.$tMacbeth.
=700  1\$aEvans, Maurice,$d1901-$4prf
=700  1\$aAnderson, Judith,$cDame,$d1898-$4prf
=700  1\$aSchaefer, George,$d1920-
=710  2\$aNBC Television Network.
=710  2\$aVideo Images.
=852  0\$822250959500002311$bH$cVIDE2$h PN1997$i .M185 1983

