=LDR  01315cgm  2200325u  4500
=001  996744220102311
=005  20150603225806.0
=007  vf-cbaho\
=008  810727p19791977nyu110\\\\\\\\\\\1vleng\d
=035  \\$a(TU)000674422UTK01
=035  9\$a708237
=035  \\$a(OCoLC)07619453
=040  \\$aONT$cONT$dTKN
=049  \\$aTKNk
=090  \\$aPN1997$b.I75
=099  \\$aPN1997.I75
=245  00$aIslands in the stream.$h[videorecording] /$cParamount Pictures Corporation.
=260  \\$a[New York, N.Y.] :$bParamount Home Video,$cc1979.
=300  \\$a1 videocassette (110 min.) :$bsd., col.$c1/2 in.
=500  \\$aVHS format release of 1977 film.
=511  1\$aGeorge C. Scott, David Hemmings, Gilbert Roland, Claire Bloom.
=520  \\$aThomas Hudson, an artist living on an island retreat, is visited by his three sons for the summer. During that time, they overcome anger and disappointment as they become aware of their mutual love and needs.
=650  \0$aFeature films.
=700  1\$aScott, George C.,$d1927-$4prf
=700  1\$aRoland, Gilbert,$d1905-$4prf
=700  1\$aHemmings, David,$d1941-$4prf
=700  1\$aHemingway, Ernest,$d1899-1961.$tIslands in the stream.
=710  2\$aParamount Pictures Corporation.
=710  2\$aParamount Home Video.
=852  0\$822250970140002311$bH$cVIDE2$h PN1997$i .I75

