=LDR  02176cgm  2200445u  4500
=001  996815190102311
=005  20150603225956.0
=007  vf-cbaho\
=008  850924s1985\\\\cau151\\\\\\\\\\\0vleng\d
=035  \\$a(TU)000681519UTK01
=035  9\$a715466
=035  \\$a(OCoLC)12595532
=040  \\$aSXP$cSXP$dOCL$dAMH$dTYC$dTKN
=049  \\$aTKN9
=090  \\$aM1500.B5$bC3 1985
=099  \\$aM1500.B5C3 1985
=245  00$aBizet's Carmen$h[videorecording] /$cGaumont Production Marcel Dassault, Opera Film Produzione ; [released by] Triumph Films Inc. ; produced by Patrice Ledoux ; directed by Francesco Rosi.
=260  \\$aBurbank, Calif. :$bRCA/Columbia Pictures Home Video,$c1985.
=300  \\$a1 videocassette (151 min.) :$bsd., col. ;$c1/2 in.
=500  \\$aIn French with English subtitles.
=500  \\$aThe book of the opera by Meilhac and Halévy; based on a short story by Prosper Meŕimée.
=500  \\$aVHS format.
=500  \\$a"60487"
=508  \\$aOrchestre national de France ; Chœurs et maîtrise de Radio-France ; Conductor, Lorin Maazel ; screenplay, Francesco Rosi and Tonino Guerra ; choreography, Antonio Gades.
=511  1\$aPlacido Domingo, Julia Migenes-Johnson, Ruggero Raimondi, Faith Esham.
=520  \\$aIn 19th century Seville, the lusty, tempestuous Carmen seduces a naive Army corporal, Don Jose. Jose abandons his career, his fiancee and even his dying mother for the love of this sultry gypsy. But soon she spurns for the love of a toreador, Escamillo. Crazed with jealousy, Jose begs Carmen to return to him, but her taunting declaration of independence results in tragedy.
=650  \0$aOperas.
=700  1\$aDomingo, Plácido,$d1941-$4prf
=700  1\$aMigenes-Johnson, Julia.$4prf
=700  1\$aRaimondi, Ruggero.$4prf
=700  1\$aEsham, Faith.$4prf
=700  1\$aRosi, Francesco.
=700  1\$aMaazel, Lorin,$d1930-$4prf
=700  1\$aBizet, Georges,$d1838-1875.$tCarmen.
=710  2\$aOrchestre national de France.$4prf
=710  2\$aRadio-France.$bChœurs.$4prf
=710  2\$aRCA/Columbia Pictures Home Video.
=740  0\$aCarmen.
=852  0\$822179874620002311$bH$cVHS$hM1500.B5$iC3 1985
=966  \\$aprimo

