=LDR  00925agm  2200289u  4500
=001  996474470102311
=005  20150603225103.0
=007  mr-caaad\\\\\\\\\\\\\\\
=008  761001s1975\\\\xxu051\e\\\\\\\\\1mleng\c
=010  \\$a76702495 /F
=035  \\$a(TU)000647447UTK01
=035  9\$a680418
=035  \\$a(OCoLC)05603463
=040  \\$aPhoenix Films$cDLC$dTKN
=043  \\$an-us---
=049  \\$aTKNk
=090  \\$aML200$b.C55
=099  \\$aML200.C55
=100  1\$aCohen, John.
=245  10$aMusical holdouts.$h[motion picture] /$cJohn Cohen.
=260  \\$aNew York :$bPhoenix Films,$c1975.
=300  \\$a2 reels, 51 min. :$bsd.,col. ;$c16 mm.
=520  \\$aExamines the music of Americans who have maintained their ethnic and individual identities in their music.
=650  \0$aMusic$zUnited States$xHistory and criticism.
=650  \0$aMusic and race.
=852  0\$822188277330002311$bST$cFILM$hML200$i.C55
=966  \\$aprimo

