=LDR  01239ngm  2200277u  4500
=001  996611950102311
=005  20150603225421.0
=007  mr-baaad\\\\\\\\\\\\\\\
=008  790913s1945\\\\xxu087\g\\\\\i\\\0mleng\c
=010  \\$afia55000337
=035  \\$a(TU)000661195UTK01
=035  9\$a694648
=035  \\$a(OCoLC)05371279
=040  \\$aBritish Information Services$cGMU$dm.c.$dTKN
=049  \\$aTKNN
=099  \\$aD756.T7
=245  00$aTrue glory$h[motion picture]
=260  \\$bJoint Anglo-American Film Planning Committee.$bReleased in the U.S. by British Information Services,$c1945.
=300  \\$a87 min.,$bsd.,b&w$c16 mm.
=500  \\$aVideocassette copy. 2 cassettes.
=508  \\$aSponsors, U.S. War Dept., British War Office, British Ministry of Information, U.S. Office of War Information, and Royal Canadian Navy and Army; directors, Garson Kanin, Carol Reed; script, Guy Trosper, Harry Brown, Saul Levitt; music, William Alwyn; music conductor, Muir Mathieson.
=520  \\$aA documentary depicting the World War II campaign in Europe from D-day to VE-day.
=650  \0$aWorld War, 1939-1945$vPictorial works.
=710  2\$aJoint Anglo-American Film Planning Committee.
=710  2\$aBritish Information Services.
=966  \\$aprimo

