=LDR  01263agm  2200337u  4500
=001  996832780102311
=005  20150603230125.0
=007  vf-bnaho\
=008  850416s1983\\\\ctu046u\\\\\\\\\\0vleng\d
=035  \\$a(TU)000683278UTK01
=035  9\$a717311
=035  \\$a(OCoLC)11924051
=040  \\$aTKN$cTKN
=049  \\$atknk
=090  \\$aD753$b.W6
=099  \\$aD753.W6
=245  00$aWorld War II propaganda films.$nVol. 1$h[videorecording] / produced by the U.S. War Department.
=260  \\$aSandy Hook, Conn. :$bVideo Images,$cc 1983.
=300  \\$a1 videocassette (46 min.) :$bsd., b&w ;$c1/2 in.
=490  0\$aA Video yesteryear recording.
=500  \\$aVHS format.
=500  \\$aOriginally released 1944-1945.
=500  \\$aTitle from notes ; title on container : Nostalgia World War II video library, #1.
=505  0\$aBattle wreckage -- The war speeds up -- It can't last.
=520  \\$aThree examples of films produced near the end of World War II to combat complacency towards the war effort.
=650  \0$aWorld War, 1939-1945$zUnited States.
=710  1\$aUnited States.$bWar Department.
=710  2\$aVideo Images.
=740  0\$aNostalgia World War II video library, #1.
=852  0\$822250960990002311$bH$cVIDE2$h D753$i .W6
=966  \\$aprimo

