=LDR  02020agm  2200373u  4500
=001  996498300102311
=005  20150603225138.0
=007  vfrbnaho\
=008  840402r19841964cau090u\\\\\\\\\\0vleng\d
=035  \\$a(TU)000649830UTK01
=035  9\$a682857
=035  \\$a(OCoLC)10585497
=040  \\$aFPL$cFPL$dTKN
=049  \\$aTKNk
=090  \\$aM1630.18$b.T387
=099  \\$aM1630.18.T387
=245  00$aThat was rock$h[videorecording] :$bthe T.A.M.I./T.N.T. Show /$cElectronovision Productions/American International Productions.
=260  \\$aLos Angeles, CA :$bMusic Media,$cc1984.
=300  \\$a1 videocassette (90 min.) :$bsd., b&w , stereo. ;$c1/2 in.
=500  \\$aVHS format.
=500  \\$a"M434"
=500  \\$aVideocassette release of the 1964 and 1965 TAMI and TNT Shows by Electronovision Productions (1964), American International Productions (1965). Released in 1982 by UPA Productions of America.
=508  \\$aProducers, Lee Savin, Phil Spector ; directors, Steve Binder, Larry Peerce.
=511  0\$aChuck Berry, James Brown, Ray Charles, Bo Diddley, Marvin Gaye, Gerry & the Pacemakers, Lesley Gore, Jan & Dean, Smokey Robinson & the Miracles, The Rolling Stones, The Ronettes, The Supremes, Ike & Tina Turner.
=520  \\$aIn 1964 and 1965, thirteen of the world's top teenage recording acts were assembled for two spectacular shows. The TAMI and TNT Shows were the greatest dance concerts ever filmed. Rock legend Chuck Berry introduces all 13 artists, whose exceptional vintage performances make it clear why these groups influenced an entire generation and are still making the top ten twenty years later.
=650  \0$aRock music$zUnited States.
=650  \0$aPopular music$zUnited States.
=710  2\$aElectronovision Productions.
=710  2\$aAmerican International Pictures (Firm)
=710  2\$aUPA Productions of America.
=710  2\$aMusic Media.
=740  0\$aTAMI Show$hmotion picture
=740  0\$aTNT Show$hmotion picture
=852  0\$822201331170002311$bH$cVHS$hM1630.18$i.T387

