=LDR  00977agm  2200253u  4500
=001  996519810102311
=005  20150603225156.0
=007  gsrcn\\j\
=008  850118s1983\\\\txu078u\m\\\\\\\\1sneng\d
=035  \\$a(TU)000651981UTK01
=035  9\$a685143
=035  \\$a(OCoLC)11597697
=040  \\$aTXK$cTXK$dTKN
=049  \\$aTKNk
=090  \\$aQE471.15.D6$bL3
=100  1\$aLand, Lynton Stuart.
=245  10$aDolomitization$h[slide] /$cLynton S. Land.
=260  \\$aNew York :$bScience-Thru-Media, Inc. [production company] ;$aTulsa, OK :$bAmericn Association of Petroleum Geologists [distributor],$cc1983.
=300  \\$a78 slides :$bcol. +$e6 sound cassettes + 1 guide (20 p. : ill. ; 28 cm.)
=500  \\$a"A continuing education course presented at the 1982 AAPG Fall Education Conference."-Container.
=650  \0$aDolomite.
=710  2\$aAmerican Association of Petroleum Geologists.
=710  2\$aScience-Thru-Media, Inc.
=852  0\$822155732260002311$bST$cSLIDE$hQE471.15.D6$iL3

