=LDR  01164ngm  2200277u  4500
=001  996619720102311
=005  20150603225447.0
=007  vf\cbaho\
=008  851219s1983\\\\ilu030\\\\\\\\\\\0vleng\d
=035  \\$a(TU)000661972UTK01
=035  9\$a695441
=035  \\$a(OCoLC)12934041
=040  \\$aTKN$cTKN
=049  \\$atknk
=090  \\$aCT275.W5662$bW5
=245  00$aWhere did you get that woman?$h[videorecording] /$cproduced and edited by Loretta Smith and Linda Horwitz ; directed and edited by Loretta Smith.
=260  \\$aSkokie, IL :$bTexture Films,$cc1983.
=300  \\$a1 videocassette :$bsd., col. ;$c1/2 in.
=500  \\$aVHS format.
=520  \\$aSeptuagenarian Joan Williams, washroom attendant in a Chicago bar for twenty years, reminisces about her life from her childhood in Oklahoma to the present. Sepia-toned file photographs evoke the historay her life spans and highlight this commentary on human life and spirit.
=600  10$aWilliams, Joan,$d1903-
=651  \0$aUnited States$vBiography.
=700  1\$aSmith, Loretta.
=700  1\$aHorwitz, Linda.
=700  1\$aWilliams, Joan,$d1903-
=852  0\$822250971780002311$bH$cVIDEO$h CT275.W5662$i W5

