=LDR  01181ngm  22003011  4500
=001  996601240102311
=005  20150603225358.0
=007  mrucaaad\\\\\\\\\\\\\\\
=008  850318s1984\\\\xxu033\e\\\\\\\\\0mleng\c
=010  \\$a85700510 /F
=020  \\$cFor sale ( 495.00) or rent ( 50.00)
=035  \\$a(TU)000660124UTK01
=035  9\$a693546
=035  \\$a(OCoLC)12024001
=040  \\$aALA Booklist$cDLC$dTKN
=049  \\$aTKNk
=090  \\$aHQ1061$b.M9
=099  \\$aHQ1061.M9
=245  00$aMy mother, my father$h[motion picture] /$cTerra Nova Films ; producer and director, James Vanden Bosch.
=260  \\$aChicago, IL :$bTerra Nova Films,$c1984.
=300  \\$a1 film reel (33 min.) :$bsd., col. ;$c16 mm.
=500  \\$aTitle from data sheet.
=500  \\$aIntended audience: Adults.
=520  \\$aExplores the issues involved in caring for elderly parents by focusing on the various ways in which four families are handling the problem. Includes interviews with parents and their families.
=650  \0$aOlder people$xFamily relationships.
=650  \0$aAdult children$xFamily relationships.
=710  2\$aTerra Nova Films.
=852  0\$822202612380002311$bST$cFILM$hHQ1061$i.M9

