=LDR  01215cgm  2200325u  4500
=001  996834110102311
=005  20150603230131.0
=007  vf\cbaho\
=008  860220s1976\\\\nju030\e\\\\\\\\\0vleng\d
=035  \\$a(TU)000683411UTK01
=035  9\$a717469
=035  \\$a(OCoLC)13176363
=040  \\$aCFU$cCFU$dTKN
=049  \\$aTKN9
=090  \\$aML1000$b.P58
=099  \\$aML1000.P58
=245  00$aPlucked instruments$h[videorecording] /$cGranada Television International ; written and introduced by David Munrow ; directed by Peter Plummer ; producer, Peter Potter.
=260  \\$aPrinceton, N.J. :$bFilms for the Humanities,$c1976.
=300  \\$a1 videocassette (27 min.) :$bsd., col. ;$c1/2 in.
=440  \0$aEarly musical instruments ;$v3
=500  \\$aVHS format.
=511  0\$aEarly Music Consort of London.
=520  \\$aShows how the instruments look and sound, how they are played, and places them in historical context.
=650  \0$aStringed instruments$xHistory.
=700  1\$aMunrow, David.
=710  2\$aEarly Music Consort of London.
=710  2\$aFilms for the Humanities (Firm)
=710  2\$aGranada Television International.
=852  0\$822178725750002311$bH$cVHS$hML1000$i.P58
=966  \\$aprimo

