=LDR  01620agm  2200313u  4500
=001  996836290102311
=005  20150603230135.0
=007  g--c-bfj\
=008  800602s1978\\\\wau062ufmz\\\\\\\0sneng\d
=035  \\$a(TU)000683629UTK01
=035  9\$a717710
=035  \\$a(OCoLC)06381093
=040  \\$aMXC$cMXC$dTKN
=049  \\$aTKNN
=099  \\$aSF407.P7N66
=245  00$aNonhuman primates$h[slide] :$bparasitic and noninfectious diseases. /$cco-sponsored by American College of Laboratory Animal Medicine and Washington State University College of Veterinary Medicine; coordinated by G.L. VanHoosier, Jr.; produced and distributed by Health Sciences Learning Resources Center, University of Washington.
=260  \\$aSeattle, Wash. :$bG.L. VanHoosier, Jr., distributed by Health Sciences Learning Resources Center, University of Washington,$c[1978].
=300  \\$a62 slides :$bcol. ;$c2x2 in. &$ecassette (20 min.)
=440  \0$aLaboratory animal medicine and science
=500  \\$aIncludes bibliographical references.
=508  \\$aPreparer, Robert A. Whitney, Jr.
=520  \\$aDiscusses protozoan and metazoan parasites, including signs, treatment and life cycles. Also discusses noninfectious diseases of nonhuman primates including vitamin deficiency.
=650  \0$aPrimates$xDiseases.
=700  1\$aVanHoosier, G L.
=700  1\$aWhitney, Robert A.$q(Robert Arthur),$d1935-
=710  2\$aAmerican College of Laboratory Animal Medicine.
=710  2\$aWashington State University.$bCollege of Veterinary Medicine.
=710  2\$aUniversity of Washington.$bHealth Sciences Learning Resources Center.
=966  \\$aprimo

