=LDR  01261agm  2200325u  4500
=001  996882960102311
=005  20150603230310.0
=007  mrucaaad\\\\\\\\\\\\\\\
=008  821029s1981\\\\cau030\e\\\\\\\\\0mleng\c
=010  \\$a81701127 /F
=035  \\$a(TU)000688296UTK01
=035  9\$a722492
=035  \\$a(OCoLC)08509142
=040  \\$aCINE$cDLC$dTKN
=049  \\$aTKNk
=090  \\$aRC86.7$b.C2 1981
=099  \\$aRC86.7.C2 1981
=245  00$aCPR for citizens$h[motion picture] :$bquick check /$cPyramid Films.
=250  \\$aRev.
=260  \\$aSanta Monica, Calif. :$bPyramid Films,$c1981.
=300  \\$a1 film reel (30 min.) :$bsd., col. ;$c16 mm.
=500  \\$aTitle from data sheet.
=500  \\$aIntended audience: General.
=500  \\$aIssued also in French, German, and Spanish.
=508  \\$aNarrator, Orson Wells ; medical director, Archer S. Gordon.
=520  \\$aShows the basic CPR techniques that citizens can use to help prevent needless deaths. Demonstrates how to keep the heart pumping and the brain alive until medical help arrives. Also shows how to administer Red Cross approved procedures for treating choking victims.
=650  \0$aResuscitation.
=710  2\$aPyramid Films, inc.
=740  0\$aC.P.R. for citizens.
=966  \\$aprimo

