=LDR  01480agm  2200349u  4500
=001  996471180102311
=005  20150603225037.0
=007  vf-cnaho\
=008  840328s1980\\\\nyu176u\\\\\\\\\\0vneng\d
=035  \\$a(TU)000647118UTK01
=035  9\$a680084
=035  \\$a(OCoLC)10572205
=040  \\$aOCO$cOCO$dTKN
=049  \\$aTKNk
=090  \\$aPN1997$b.D637
=099  \\$aPN1997.D637
=245  00$aDoctor Zhivago$h[videorecording] /$cMetro-Goldwyn-Mayer ; [produced by] Carlo Ponti ; directed by David Lean.
=260  \\$aNew York :$bMGM/UA Home Video,$c1980.
=300  \\$a2 videocassettes (176 min.) :$bsd., col. ;$c1/2 in.
=500  \\$aVHS format.
=500  \\$aMGM/UA Home Video: MV90003.
=500  \\$aVidorecording of the 1965 motion picture released by Metro-Goldwyn-Mayer.
=508  \\$aScreenplay by Robert Bolt ; music by Maurice Jarre.
=511  1\$aOmar Sharif, Julie Christie, Geraldine Chaplin, Rod Steiger.
=520  \\$aAn adaptation of the novel of the same title by Boris Pasternak, about a Russian doctor whose life and fate become inextricably bound to the turmoil of civil unrest created by events of World War I and a revolution in his homeland.
=650  \0$aFeature films.
=700  1\$aPasternak, Boris Leonidovich,$d1890-1960.$tDoktor Zhivago.
=700  1\$aSharif, Omar,$d1932-2015.
=700  1\$aChristie, Julie.
=710  2\$aMetro-Goldwyn-Mayer.
=710  2\$aMGM/UA Home Video (Firm)
=852  0\$822250960420002311$bH$cVIDE2$h PN1997$i .D637

