=LDR  00970ngm  2200289u  4500
=001  996497820102311
=005  20150603225136.0
=007  vf\ccahr\
=008  850927s1983\\\\tnu030\\\\\\\\\\\0vleng\d
=035  \\$a(TU)000649782UTK01
=035  9\$a682808
=035  \\$a(OCoLC)12608951
=040  \\$aTKN$cTKN
=049  \\$atkn5
=090  \\$aSF991$b.S485
=099  \\$aSF991.S485
=245  00$aSelected Techniques in canine thoracic surgery$h[videorecording] /$cpresented by A.S. Dorn.
=260  \\$aKnoxville :$bCollege of Veterinary Medicine, University of Tennessee,$c1983.
=300  \\$a1 videocassette (30 min.) :$bsd.,col. ;$c3/4 in.
=538  \\$aU-matic.
=505  0\$aPatent ductus arteriosus -- Blalock shunt.
=650  \0$aDogs$xSurgery.
=650  \0$aChest$xSurgery.
=650  \0$aVeterinary surgery.
=700  1\$aDorn, A.S.
=710  2\$aUniversity of Tennessee, Knoxville.$bCollege of Veterinary Medicine.
=852  0\$822201388760002311$bSC$cARVIS$hSF991$i.S485

