=LDR  01621ngm  22003731  4500
=001  996887370102311
=005  20150603230316.0
=007  vf\cbaho\
=008  830204s1982\\\\nyu057\e\\\\\\\\\0vleng\c
=010  \\$a82707102 /F
=020  \\$cFor sale ( 200.00)
=035  \\$a(TU)000688737UTK01
=035  9\$a722945
=035  \\$a(OCoLC)09412491
=040  \\$aALA Booklist$cDLC$dTKN
=049  \\$aTKN9
=050  \\$aML800
=090  \\$aML800$b.G7
=099  \\$aML800.G7
=245  04$aThe Great violin mystery$h[videorecording] /$cWHA-TV and WGBH ; producer and director, Barry Stoner.
=260  \\$aNew York, N.Y. :$bTime-Life Video,$c1982.
=300  \\$a1 videocassette (57 min.) :$bsd., col.
=440  \0$aNova
=500  \\$aTitle from data sheet.
=500  \\$aIntended audience: General.
=500  \\$aIssued as VHS 1/2 in.
=520  \\$aIn search of the secret of the elusively majestic voices of the great violins of the seventeenth and eighteenth centuries, follows the trail of individuals who have pondered the mystery and who have revealed some of the nuances that give an Amati or Stradivarius its elegant tone. In the second half, physicist Jack Fry maximizes the tools of modern science to experiment on dozens of factory-made violins until he is able to adjust the brightness and responsiveness of an instrument with a few manipulations.
=650  \0$aViolin.
=700  1\$aFry, Jack.
=710  2\$aWHA-TV (Television station : Madison, Wis.)
=710  2\$aWGBH (Television station : Boston, Mass.)
=710  2\$aTime-Life Video.
=852  0\$822214840160002311$bH$cVHS$hML800$i.G7
=966  \\$aprimo

