=LDR  01529ngm  2200325u  4500
=001  996638140102311
=005  20150603225511.0
=007  vf\cnahr\
=008  850114s1984\\\\xx\058\e\\\\\\\\\0vleng\d
=035  \\$a(TU)000663814UTK01
=035  9\$a697315
=035  \\$a(OCoLC)11578897
=040  \\$aMOU$cMOU$dTKN
=049  \\$aTKNN
=090  \\$aQP376$b.S74
=092  \\$a611.81
=245  00$aStates of mind$h[videorecording] /$ca production of WNET/New York ; produced, directed and written by Richard Hutton ; George Page, reporter.
=260  \\$cc1984.
=300  \\$a1 videocassette (58 min.) :$bsd., col. ;$c3/4 in.
=440  \4$aThe brain ;$v8
=500  \\$aRecorded off-air with permission.
=508  \\$aCinematographer, Vic Losick ; editor, Kenneth E. Werner ; music, Jonathan Elias.
=520  \\$aExplores human awareness and consciousness as brain functions which neuroscientists still do not fully understand. Discusses dreams as related to chemical changes in the brain. Illustrates the lack of control over one's consciousness in multiple personality disorders by interviewing a victim and his wife, theorizing that physical changes in the brain may lead to the altered states of consciousness. Also describes changes in consciousness induced by stroke, Alzheimer's disease, and drugs like PCP.
=650  \0$aBrain.
=650  \0$aMultiple personality.
=650  \0$aConsciousness.
=700  1\$aHutton, Richard.
=700  1\$aPage, George.
=710  2\$aWNET (Television station : New York, N.Y.)
=966  \\$aprimo

