=LDR  01580cgm  2200373u  4500
=001  996769850102311
=005  20150603225859.0
=007  vfrcnaho\
=008  840223s1983\\\\cau105\\\\\\\\\\\0vleng\d
=035  \\$a(TU)000676985UTK01
=035  9\$a710841
=035  \\$a(OCoLC)10448983
=040  \\$aFPL$cFPL$dTKN
=049  \\$aTKNk
=090  \\$aM1630.18$b.R646
=099  \\$aM1630.18.R646
=245  00$aRock'n soul live$h[videorecording] /$cM-1 Musical Enterprises, Inc.
=260  \\$aBurbank, CA :$bRCA/Columbia Pictures Home Video,$cc1983.
=300  \\$a1 videocassette (105? min.) :$bsd., col., stereo. ;$c1/2 in.
=500  \\$aVHS format.
=500  \\$a"VH91065"
=500  \\$aVideocassette release of the concert recorded live at the Montreal Forum, March 10-11, 1983, by M-1 Musical Enterprises, Inc.
=505  0\$aFamily man.--Diddy doo wop (I hear the voices).--Italian girls.--Kiss on my list.--She's gone.--Art of a heartbreak.--One on one.--You've lost that lovin' feeling.--I can't go for that (No can do).--Sara smile.--Wait for me.--Maneater.--Private eyes.--Open all night.--You make my dreams.--Room to breathe.
=508  \\$aExecutive producer, Tommy Mottola ; director, Marty Callner ; producer, Danny O'Donovan.
=511  0\$aDaryl Hall, John Oates.
=650  \0$aConcerts.
=650  \0$aRock music.
=700  1\$aHall, Daryl.
=700  1\$aOates, John.
=710  2\$aHall and Oates.
=710  2\$aM-1 Musical Enterprises, Inc.
=710  2\$aRCA/Columbia Pictures Home Video.
=852  0\$822208267650002311$bH$cVHS$hM1630.18$i.R646
=966  \\$aprimo

