=LDR  01588ngm  22003491  4500
=001  996834130102311
=005  20150603230131.0
=007  vf\cbaho\
=008  850916s1985\\\\xxu120\e\\\\\\\\\0vleng\c
=010  \\$a85702294 /F
=020  \\$cFor sale ( 89.95 for 1/2 in.; 114.95 for 3/4 in.)
=035  \\$a(TU)000683413UTK01
=035  9\$a717471
=035  \\$a(OCoLC)12838613
=040  \\$aALA Booklist$cDLC$dTKN
=049  \\$aTKN9
=090  \\$aMT655$b.D7
=099  \\$aMT655.D7
=245  04$aThe Drumset, a musical approach$h[videorecording] /$cDCI Music Video, Quasi Productions, Ltd. ; producers, Steven Ross, Paul Siegel, Rob Wallis ; director, Steven Ross.
=260  \\$aNew York, NY :$bDCI Music Video,$c1985.
=300  \\$a1 videocassette (120 min.) :$bsd., col. ;$c1/2 in.
=500  \\$aTitle on accompanying brochure : The Drum set.
=500  \\$aIntended audience: Ages 12 through adult.
=538  \\$aVHS.
=520  \\$aAn instructional tape aimed at aspiring drummers. Drummer Ed Soph explains the important of correct drum setup, demonstrates proper stick handling, and tells how to use foot pedals. He discusses drumming styles prevalent during the early jazz era through the current rock scene, and, assisted by a group of musicians, teaches how to play in the rhythm section. Finally, covers fill and solo playing.
=650  \0$aPercussion instruments$xInstruction and study.
=700  1\$aSoph, Ed.
=710  2\$aDCI Music Video.
=710  2\$aQuasi Productions, Ltd.
=740  4\$aThe Drum set.
=852  0\$822178826330002311$bH$cVHS$hMT655$i.D7
=966  \\$aprimo

