=LDR  01695cgm  2200409u  4500
=001  996681910102311
=005  20150603225630.0
=007  vfrbnaho\
=008  851003r19851940nyu118\\\\\\\\\\\0vleng\d
=035  \\$a(TU)000668191UTK01
=035  9\$a701827
=035  \\$a(OCoLC)12631489
=040  \\$aFPL$cFPL$dTKN
=049  \\$aTKNk
=090  \\$aPN1997$b.P75
=099  \\$aPN1997.P75
=130  0\$aPride and prejudice (Motion picture : 1940).
=245  00$aPride and prejudice$h[videorecording] /$cLoew's Incorporated.
=260  \\$aNew York :$bMGM/UA Home Video,$cc1985.
=300  \\$a1 videocassette (118 min.) :$bsd., b&w ;$c1/2 in.
=440  \0$aMGM/UA great books on video.
=500  \\$aVHS format.
=500  \\$a"M500114"
=500  \\$aBased on Jane Austen's novel.
=500  \\$aVideocassette release of the 1940 motion picture by Loew's Incorporated. Renewed in 1967 by Metro-Goldwyn-Mayer Inc.
=508  \\$aScreenplay, Aldous Huxley, Jane Murfin ; musical score, Herbert Stothart ; director, Robert Z. Leonard ; producer, Hunt Stromberg.
=511  1\$aGreer Garson, Laurence Olivier, Mary Boland, Edna May Oliver, Maureen O'Sullivan, Ann Rutherford, Frieda Inescort.
=520  \\$aAn opinionated young lady of the early 19th century wins herself a rich husband she had at first despised for his pride.
=650  \0$aFeature films.
=700  1\$aAusten, Jane,$d1775-1817.$tPride and prejudice.
=700  1\$aGarson, Greer,$d1908-
=700  1\$aOlivier, Laurence,$d1907-
=700  1\$aO'Sullivan, Maureen.
=710  2\$aLoew's Incorporated.
=710  2\$aMetro-Goldwyn-Mayer.
=710  2\$aMGM/UA Home Video (Firm)
=852  0\$822250958740002311$bH$cVIDE2$h PN1997$i .P75

