=LDR  01392ngm  2200385   4500
=001  997332460102311
=005  20150603231357.0
=007  vf-mbahou
=008  870624p19861982nju060\\\\\\\\\\\0vleng\d
=035  \\$a(TU)000733246UTK01
=035  9\$a768418
=035  \\$a(OCoLC)16067086
=040  \\$aTTU$cTTU$dm/c$dTKN
=041  \\$aeng$arus
=049  \\$aTKN9
=090  \\$aML418.O4$bD38 1986
=099  \\$aML418.O4D38 1986
=245  00$aDavid Oistrakh$h[videorecording] :$bremembering a musician /$cfilmed by Gosteleradio USSR.
=260  \\$a[W. Long Branch, N.J.] :$bKultur,$c1986.
=300  \\$a1 vidoecassette (VHS) (60 min.) :$bsd. (Hi-Fi), col. and b&w ;$c1/2 in.
=490  1\$aKultur profile series
=500  \\$aFilmed in 1982.
=500  \\$aOverdubbed in English.
=500  \\$aPresented by Dennis M. Hedlund.
=511  0\$aErick Friedman.
=520  \\$aDiscusses the life and music of Russian violonist David Oistrakh.
=600  10$aOistrakh, David,$d1908-1974.
=650  \0$aViolinists$zSoviet Union$vBiography.
=700  1\$aHedlund, Dennis M.
=710  2\$aGosudarstvennyĭ komitet SSSR po televidenii︠u︡ i radioveshchanii︠u︡.
=710  2\$aKultur International Films.
=740  0\$aRemembering a musician$h[videorecording]
=830  \0$aProfile series (Kultur International Films)
=852  0\$822169358620002311$bH$cVHS$hML418.O4$iD38 1986
=966  \\$aprimo

