=LDR  01699cgm  2200433   4500
=001  997029710102311
=005  20150603230744.0
=007  vf-cbaho-
=008  870305s1986\\\\onc151\e\\\\\\\\\0vleng\d
=035  \\$a(TU)000702971UTK01
=035  9\$a737493
=035  \\$a(OCoLC)15272964
=037  \\$bStratford Shakespearean Festival Foundation of Canada, Post Office Box 520, Stratford, Ont., Canada, N5A 6V2
=040  \\$aWSC$cWSC$dm/c$dTKN
=049  \\$aTKN9
=090  \\$aM1500.S9$bM5 1986
=099  \\$aM1500.S9M5 1986
=245  04$aThe Mikado$h[videorecording] /$cCanadian Broadcasting Corporation ; producer, director, Norman Campbell.
=260  \\$aToronto :$bCBC,$cc1986.
=300  \\$a1 videocassette (151 min.) :$bsd., col. ;$c1/2 in.
=440  \0$aConnaisseur
=500  \\$aVHS.
=500  \\$aBased on the comic opera by Gilbert and Sullivan.
=500  \\$a"A Stratford Festival of Canada production."
=500  \\$aTelecast in 1982.
=511  1\$aMarie Baron, Eric Donkin, Henry Ingram, Richard McMillan.
=520  \\$aA spoof of Victorian English society. Presents the story of a lowly tailor's transformation from prisoner in a country jail to the rank of Lord Executioner.
=650  \0$aOperas.
=700  1\$aSullivan, Arthur,$cSir,$d1842-1900.$tMikado.
=700  1\$aGilbert, W. S.$q(William Schwenck),$d1836-1911.$tMikado.
=700  1\$aCampbell, Norman.$4drt
=700  1\$aBaron, Marie.$4prf
=700  1\$aDonkin, Eric.$4prf
=700  1\$aIngram, Henry.$4prf
=700  1\$aMcMillan, Richard.$4prf
=710  2\$aCanadian Broadcasting Corporation.
=711  2\$aStratford Festival (Ont.)
=852  0\$822194079680002311$bH$cVHS$hM1500.S9$iM5 1986
=966  \\$aprimo

