=LDR  02364cgm  2200565   4500
=001  997028340102311
=005  20150603230722.0
=007  vf-cbahos
=008  861002c19861983nyu152\gm\\\\\\\\1vlita\d
=020  \\$c{dollar}30.95
=035  \\$a(TU)000702834UTK01
=035  9\$a737355
=035  \\$a(OCoLC)14297054
=040  \\$aPNX$cPNX$dm/c$dTKN
=049  \\$aTKN9
=090  \\$aM1500.R86$bC4 1986
=099  \\$aM1500.R86C4 1986
=245  03$aLa Cenerentola$h[videorecording] =$bCinderella /$cmusic by Gioachino Rossini ; libretto by Jacopo Ferretti ; critical edition by Alberto Zedda.
=260  \\$aNew York, NY :$bThorn EMI/HBO Video ;$a[s.l.] :$bDistributed worldwide by NVC Arts International,$c[1986?], c1983.
=300  \\$a1 videocassette (152 min.) :$bsd., col., stereo. ;$c1/2 in. +$e1 booklet ([20] p. ; 17 cm.)
=500  \\$a"Thorn EMI/HBO classic performance."
=500  \\$aVHS format.
=500  \\$a"TVE 3559."
=500  \\$aOpera in two acts.
=500  \\$aAt head of title: Glyndebourne Festival Opera.
=500  \\$aProduced by BBC Television by arrangement with Glyndebourne in association with RM Arts.
=500  \\$aStereo., hi-fi, Dolby processed.
=500  \\$aSynopsis and texts in English in booklet laid in container.
=508  \\$aDirector, John Cox ; directed for videogram and television by John Vernon.
=511  1\$aKathleen Kuhlmann, Marta Taddei, Laura Zannini, Laurence Dale, Claudio Desderi, Roderick Kennedy, Alberto Rinaldi ; London Philharmonic Orchestra ; Glyndebourne Chorus ; conductor, Donato Renzetti.
=650  \0$aOperas.
=700  1\$aRossini, Gioacchino,$d1792-1868.$tCenerentola.
=700  1\$aKuhlmann, Kathleen.
=700  1\$aTaddei, Marta.$4prf
=700  1\$aZannini, Laura,$d1937-$4prf
=700  1\$aDale, Laurence.
=700  1\$aDesderi, Claudio.
=700  1\$aKennedy, Roderick,$cJr.
=700  1\$aRinaldi, Alberto.
=700  1\$aFerretti, Jacopo,$d1784-1852.
=700  1\$aZedda, Alberto.
=700  1\$aRenzetti, Donato,$d1950-
=710  2\$aLondon Philharmonic Orchestra.
=710  2\$aGlyndebourne Festival Chorus.
=710  2\$aGlyndebourne Festival Opera Company.
=710  2\$aBritish Broadcasting Corporation.$bTelevision Service.
=710  2\$aThorn EMI/HBO Video.
=740  0\$aCinderella.
=852  0\$822194076280002311$bH$cVHS$hM1500.R86$iC4 1986
=966  \\$aprimo

