=LDR  00916ngm  2200265   4500
=001  997127100102311
=005  20150603230912.0
=007  vf\ccahr\
=008  880629s1979\\\\xx\060\\\\\\\\\\\1vleng\d
=035  \\$a(TU)000712710UTK01
=035  9\$a747481
=035  \\$a(OCoLC)18147567
=040  \\$aTKN$cTKN
=049  \\$aTKNK
=090  \\$aSF777.T2$bU5
=099  \\$aSF777.T2U5
=110  2\$aUniversity of Tennessee, Knoxville.$bCollege of Veterinary Medicine.
=245  10$aAcademic convocation dedicating the College of Veterinary Medicine, University of Tennessee, September 22, 1979$h[videorecording]
=260  \\$a[1979]
=300  \\$a1 cassette, about 60 min. :$bsd., col. ;$c3/4 in.
=538  \\$aU-matic.
=520  \\$aHighlights of the dedication ceremony.
=610  20$aUniversity of Tennessee, Knoxville.$bCollege of Veterinary Medicine.
=852  0\$822160633580002311$bSC$cARVIS$hSF777.T2$iU5
=966  \\$aprimo

