=LDR  00821ngm  2200253   4500
=001  997294880102311
=005  20150603231315.0
=007  gs\cu\\ju
=008  880817s1975\\\\xx\nnn\\\\\\\\\\\0sneng\d
=035  \\$a(TU)000729488UTK01
=035  9\$a764567
=035  \\$a(OCoLC)18362703
=040  \\$aTKN$cTKN
=049  \\$aTKNN
=090  \\$aQE654$b.H56
=245  04$aThe History of life on earth.$h[slide].
=260  \\$a[s.l.,$bs.n.,$c1975?]
=300  \\$a233 slides :$bcol. ;$c2 x 2 in.
=500  \\$aIn 3 carousels.
=505  0\$apt.1. Paleozoic life.--pt.2. Mesozoic life.--pt.3. Cenozoic life. For use in Geology 1510 and 1820.
=650  \0$aGeology, Stratigraphic$yPaleozoic.
=650  \0$aGeology, Stratigraphic$yMesozoic.
=650  \0$aGeology, Stratigraphic$yCenozoic.
=852  0\$822174755710002311$bST$cSLIDE$hQE654$i.H56

