=LDR  01516cgm  2200289   4500
=001  997332510102311
=005  20150603231359.0
=007  vf-cbahou
=008  880229s1987\\\\mau042\er\\\\\\\\0vleng\d
=035  \\$a(TU)000733251UTK01
=035  9\$a768423
=035  \\$a(OCoLC)17556554
=040  \\$aMTH$cDLM$dMTH$dOCL$dTKN
=049  \\$aTKNk
=090  \\$aGN281$b.E88
=099  \\$aGN281.E88
=245  10$aEvolution and human equality$h[videorecording] /$cStephen Jay Gould.
=260  \\$aCambridge, MA :$bInsight Video,$cc1987.
=300  \\$a1 videocassette (VHS) (42 min.) :$bsd., col. ;$c1/2 in. +$e1 teacher's guide (8 leaves ; 28 cm.)
=508  \\$aProducer, director, and editor, Paul Rocklin ; executive producer, Bob Katz.
=520  \\$aUsing paleontology, evolutionary biology, genetics, history of science and social history as his tools, Gould tells the fascinating story of how racial differences have been misunderstood by scientists from pre-Darwinian days to the present to justify oppression, exploitation and persecution. He describes how new genetic research methods confirm the African origins of homo sapiens and the biological equality of the races. He concludes with a plea for students to understand the tremendous social and political power of scientific work, and scientists' responsibility to humankind.
=650  \0$aHuman evolution.
=650  \0$aRacism.
=700  1\$aGould, Stephen Jay.
=710  2\$aInsight Video.
=852  0\$822250972260002311$bH$cVIDEO$h GN281$i .E88
=966  \\$aprimo

