=LDR  01405cgm  2200373   4500
=001  997026010102311
=005  20150603230658.0
=007  vf-cbaho-
=008  871221s1981\\\\xx\045\\\\\\\\\\\0vneng\d
=035  \\$a(TU)000702601UTK01
=035  9\$a737113
=035  \\$a(OCoLC)17273551
=040  \\$aOSU$cOSU$dTKN
=049  \\$aTKN9
=090  \\$aM1012$b.B42 op.61 1981
=099  \\$aM1012.B42 op.61 1981
=245  00$aItzhak Perlman$h[videorecording] :$bBeethoven violin concerto in D, op. 61 /$cproduced by Allegro Films for EMI Records Ltd.
=260  \\$a[S.l.] :$bThorn EMI Video,$cc1981.
=300  \\$a1 videocassette (45 min.) :$bsd., col. ;$c1/2 in.
=500  \\$aVHS format.
=500  \\$aTitle on container: Beethoven violin concerto.
=500  \\$aVideocassette release of the 1980 concert by EMI Records Ltd.
=511  1\$aItzhak Perlman, violin ; Philharmonia Orchestra, Carlo Maria Giulini, conductor.
=650  \0$aConcertos (Violin)
=700  1\$aPerlman, Itzhak,$d1945-
=700  1\$aBeethoven, Ludwig van,$d1770-1827.$tConcertos,$mviolin, orchestra,$nop. 61,$rD major.
=700  1\$aGiulini, Carlo Maria.
=710  2\$aAllegro Films.
=710  2\$aEMI Records Ltd.
=710  2\$aThorn EMI Video (Firm)
=710  2\$aPhilharmonia Orchestra (London, England)
=740  0\$aBeethoven violin concerto.
=852  0\$822194160470002311$bH$cVHS$hM1012$i.B42 op.61 1981
=966  \\$aprimo

