=LDR  00948ngm  2200277   4500
=001  997055110102311
=005  20150603230800.0
=007  vf\ccahr\
=008  880607s1980\\\\tnu018\\\\\\\\\\\0vleng\d
=035  \\$a(TU)000705511UTK01
=035  9\$a740098
=035  \\$a(OCoLC)18044910
=040  \\$aTKN$cTKN
=049  \\$aTKN5
=090  \\$aSF910.5$b.O7
=099  \\$aSF910.5.O7
=245  04$aThe Orthopedic examination$h[videorecording] /$cJill Sackman.
=260  \\$a[Knoxville, Tenn.] :$bCollege of Veterinary Medicine, University of Tennessee,$cc1980.
=300  \\$a1 videocassette (U-matic) (17:25) :$bsd., col. ;$c3/4 in.
=538  \\$aU-matic.
=520  \\$aDiscusses arriving at the appropriate therapy for a lame animal.
=650  \0$aVeterinary orthopedics.
=700  1\$aSackman, Jill.
=710  2\$aUniversity of Tennessee, Knoxville.$bCollege of Veterinary Medicine.
=852  0\$822192960690002311$bSC$cARVIS$hSF910.5$i.O7
=966  \\$aprimo

