=LDR  01468cgm  2200421   4500
=001  997017170102311
=005  20150603230644.0
=007  vf-cbaho-
=008  861006s1984\\\\nyu148\\m\\\\\\\\1vlita\d
=035  \\$a(TU)000701717UTK01
=035  9\$a736206
=035  \\$a(OCoLC)14347033
=040  \\$aWVX$cWVX$dm/c$dTKN
=041  \\$aita
=049  \\$aTKN9
=090  \\$aM1500.M78$bI5 1984
=092  \\$a782.154$bM781i
=099  \\$aM1500.M78I5 1984
=245  00$aPoppea$h[videorecording] /$cClaudio Monteverdi.
=260  \\$aNew York :$bThorn EMI/HBO Video$c1984.
=300  \\$a1 videocassette (VHS) (148 min.) :$bsd., col. ;$c1/2 in.$elibretto
=508  \\$aLibretto by G.F. Busenello.
=511  0\$aThe Glyndebourne Chorus; London Philharmonic Orchestra; Raymond Leppard, conductor.
=511  0\$aSoloists: Maria Ewing, Dennis Bailey, Cynthia Clarey, Robert Lloyd, Elizabeth Gale, and Dale Duesing.
=518  \\$aA BBC Television production by arrangement with Glyndebourne in association with RM Arts.
=650  \0$aOperas.
=700  1\$aMonteverdi, Claudio,$d1567-1643.$tIncoronazione di Poppea.
=700  1\$aEwing, Maria.
=700  1\$aClarey, Cynthia.
=700  1\$aBailey, Dennis.
=700  1\$aLloyd, Robert.
=700  1\$aGale, Elizabeth.
=700  1\$aDuesing, Dale.
=710  2\$aGlyndebourne Festival Chorus.
=710  2\$aLondon Philharmonic Orchestra.
=700  1\$aLeppard, Raymond.
=710  2\$aThorn EMI/HBO Video.
=966  \\$aprimo

