=LDR  01162cgm  2200301   4500
=001  997017540102311
=005  20150603230654.0
=007  vf-cbaho-
=008  861111s1986\\\\nyu015\\\\\\\\\\\0vzeng\d
=035  \\$a(TU)000701754UTK01
=035  9\$a736245
=035  \\$a(OCoLC)14698197
=040  \\$aFFC$cFFC$dm/c$dTKN
=049  \\$aTKN9
=090  \\$aMT955$b.C74
=092  \\$aVideo Cassette 782.1$bB126
=099  \\$aMT955.C74
=245  00$aCreating the illusion$h[videorecording] :$bbackstage at the Met /$cproduced by the Education Department, Metropolitan Opera Guild.
=260  \\$aNew York :$bThe Metropolitan Opera Guild,$c1986.
=300  \\$a1 videocassette (15 min.) :$bsd., col. ;$c1/2 in. VHS.
=508  \\$aScript, Sarah Lang.
=511  0\$aNaomi Robin and Michael Bevine.
=520  \\$aTakes you behind the scenes to see how the dozens of artisans and technicians work together to transform the vast Met stage into a world of fantasy.
=650  \0$aOpera$xProduction and direction.
=710  2\$aMetropolitan Opera Guild.$bEducation Department.
=740  0\$aBackstage at the Met.
=852  0\$822181545660002311$bH$cVHS$hMT955$i.C74
=966  \\$aprimo

