=LDR  01062cgm  2200289   4500
=001  997044990102311
=005  20150603230803.0
=007  vf-cbaho-
=008  850131s19801985nju082\\\\\\\\\\\0vleng\d
=035  \\$a(TU)000704499UTK01
=035  9\$a739051
=035  \\$a(OCoLC)11643363
=040  \\$aURS$cURS$dm/c$dTKN
=049  \\$aTKNk
=090  \\$aM1520.C4$bL4 1980z
=099  \\$aM1520.C4L4 1980z
=245  00$aSwan lake$h[videorecording] :$bTchaikovsky's complete ballet performed by the Kirov Ballet and the Leningrad Philharmonic.
=260  \\$a[Sea Bright, N.J.] :$bKultur,$c[198-?]
=500  \\$aKultur VHS V1104.
=508  \\$aDirector, Konstantin Sergeyev.
=511  1\$aPrima ballerina, Yelena Yevteyeva; principal danseur, John Markovsky.
=650  \0$aBallets.
=700  1\$aTchaikovsky, Peter Ilich,$d1840-1893.$tLebedinoe ozero.
=710  2\$aKultur International Films.
=710  2\$aLeningradskiĭ gosudarstvennyĭ akademicheskiĭ teatr opery i baleta imeni S.M. Kirova.
=852  0\$822165322350002311$bH$cVHS$hM1520.C4$iL4 1980z
=966  \\$aprimo

