=LDR  01151cga  2200265   4500
=001  997240170102311
=005  20100201130544.0
=007  vf\cbaho\
=008  891116q19701979xx\020\\r\\\\\\\\0vleng\d
=035  \\$a(TU)000724017UTK01
=035  9\$a758993
=090  \\$aLC214.2$b.C48
=245  04$aThe Changing high school$h[videorecording]:$bproblems at Needham High School /$ca University of Tennessee films by Photographic Services for Educational Opportunities Center and U.S. Office of Education.
=260  \\$c[197-]
=300  \\$a1 videocassette (ca. 20 min.) :$bsd., col. ;$c1/2 in.
=500  \\$aVHS format.
=500  \\$aAccompanied by Program director-group leader manual and Participant's workbook, by Frederick P. Venditti.
=500  \\$aUniversity Archives copy is a motion picture.
=650  \0$aSchool integration$zUnited States.
=650  \0$aHigh school teaching.
=650  \0$aSimulation games in education.
=700  1\$aVenditti, Frederick P.
=710  2\$aUniversity of Tennessee, Knoxville.$bEducational Opportunities Planning Center.
=740  0\$aProblems at Needham high school.
=852  0\$822199428890002311$bSC$cARVIS$hLC214.2$i.C48

