=LDR  01827cga  2200373   4500
=001  997375960102311
=005  20150603231455.0
=007  vf\bbaho\
=008  850730p19841929ctu044\\\\\\\\\\\0vleng\d
=035  \\$a(TU)000737596UTK01
=035  9\$a772838
=035  \\$a(OCoLC)12323112
=040  \\$aPSM$cPSM$dOCL$dTKN
=049  \\$aTKN9
=090  \\$aM1366$b.B494
=099  \\$aM1366.B494
=245  00$aBlack jazz and blues$h[videorecording] :$b(1929, 1935, 1945) /$cThree all-black shorts with Bessie Smith, Duke Ellington, Billie Holiday, Louis Jordan, The Fletcher Henderson Orchestra.
=260  \\$a[Sandy Hook, Conn.] :$bVideo Images,$c[1984]
=300  \\$a1 videocassette (44 min.) :$bsd., b&w
=440  \0$aVideo Yesteryear recording
=500  \\$aVHS format.
=500  \\$aTitle from container.
=500  \\$aOn label: 328.
=520  \\$aSt. Louis blues (1929): Bessie Smith, accompanied by James P. Johnson, piano, and members of the Fletcher Henderson Orchestra; Symphony in black (1935): "Duke Ellington and his Orchestra perform Duke's ... composition, evoking a wide spectrum of the American black experience." Contains Billie Holiday's film debut; Caldonia (1945): "Louis Jordan and his Tympany Five ... are persuaded to make a movie in Harlem ... good comedy by George Wiltshire and Sam Pheard ... Nicki O'Daniel as ... Caldonia."
=650  \0$aJazz.
=650  \0$aAfrican Americans$vMusic.
=700  1\$aSmith, Bessie,$d1898?-1937.
=700  1\$aHoliday, Billie,$d1915-1959.
=700  1\$aJohnson, James P.$q(James Price),$d1894-1955.
=700  1\$aEllington, Duke,$d1899-1974.$tSymphony in black.$hvideorecording.
=710  2\$aFletcher Henderson's Orchestra.
=710  2\$aDuke Ellington Orchestra.
=710  2\$aLouis Jordan and his Tympany Five.
=852  0\$822175302700002311$bH$cVHS$hM1366$i.B494

