=LDR  01603cgm  2200421   4500
=001  997017630102311
=005  20150603230658.0
=007  vf-cbahos
=008  880224s1986\\\\xxu150\\\\\\\\\\\1vlita\d
=035  \\$a(TU)000701763UTK01
=035  9\$a736254
=035  \\$a(OCoLC)17532261
=040  \\$aGZM$cGZM$dTKN
=041  \\$aita$beng
=049  \\$aTKN9
=090  \\$aM1500.P83$bM3 1986
=099  \\$aM1500.P83M3 1986
=245  00$aMadama Butterfly$h[videorecording] :$ban opera in three acts /$cmusic by Giacomo Puccini ; libretto by Giuseppe Giacosa and Luigi Illica.
=260  \\$a[United States] :$bHome Vision,$cc1986.
=300  \\$a1 videocassette (150 min.) :$bsd., col. ;$c1/2 in.
=440  \0$aCompleat operagoer ;$v57
=500  \\$aVHS format.
=500  \\$aSung in Italian ; subtitles in English.
=500  \\$aSynopsis in English (7 p. ; 17 cm.) laid in container.
=511  0\$aYasuko Hayashi (Madama Butterfly), Hak-Nam Kim (Suzuki), Peter Dvorsky (Pinkerton), Giorgio Zancanaro (Sharpless); Chorus and Orchestra of La Scala; Lorin Maazel, conductor.
=650  \0$aOperas.
=700  1\$aPuccini, Giacomo,$d1858-1924.$tMadama Butterfly.
=700  1\$aGiacosa, Giuseppe,$d1847-1906.
=700  1\$aIllica, Luigi,$d1857-1919.
=700  1\$aHayashi, Yasuko,$d1943-$4prf
=700  1\$aKim, Hak-Nam,$d1953-$4prf
=700  1\$aDvorský, Peter,$d1951-$4prf
=700  1\$aZancanaro, Giorgio.$4prf
=700  1\$aMaazel, Lorin,$d1930-$4cnd
=710  2\$aTeatro alla Scala.$4prf
=710  2\$aHome Vision.
=852  0\$822181594790002311$bH$cVHS$hM1500.P83$iM3 1986
=966  \\$aprimo

