=LDR  01565cgm  2200361   4500
=001  997016950102311
=005  20150603230724.0
=007  gs\cubdju
=008  730627s1972\\\\xxu150\e\\\\\\\\\0s\eng\c
=010  \\$a73733821 /F
=035  \\$a(TU)000701695UTK01
=035  9\$a736183
=035  \\$a(OCoLC)05560308
=040  \\$aEducational Design$cDLC$dm.c.$dTKN
=043  \\$an-us---
=049  \\$aTKNN
=090  \\$aE185$b.K286
=245  00$aBlack Americans: a historical portfolio.$h[slide]
=260  \\$bEducational Resources,$c1972.
=300  \\$a150 slides. (2 carousels)$bcolor.$c2 x 2 in.
=500  \\$aIssued in 5 sections (30 slides each).
=500  \\$aDesigned for use with the silhouettes in courage education program containing 36 tape cassettes.
=500  \\$aRevised version of the 1970 slide set entitled Black studies resources.
=500  \\$aWith guide.
=500  \\$aBased on the William Loren Katz collection of rare prints and photographs.
=505  0\$a1. The black man in the New World.--The struggle to end slavery.--3. Reconstruction and its aftermath.--4. Into the twentieth century.--5. The black man in the modern world.
=508  \\$aAuthor, William Loren Katz.
=520  \\$aIllustrates the important events and figures in the annals of the black experience in the Old World and the New.
=650  \0$aAfrican Americans$xHistory.
=700  1\$aKatz, William Loren.
=710  2\$aEducational Design, inc.$bEducational Resources Division.
=730  0\$aBlack studies resources.
=852  0\$822181536770002311$bST$cSLIDE$hE185$i.K286

