=LDR  01561cgm  2200421 a 4500
=001  997162060102311
=005  20150603231003.0
=007  vf-cbaho-
=008  880122s1983\\\\cau183\e\\\\\\\\\0vleng\d
=035  \\$a(TU)000716206UTK01
=035  9\$a751069
=035  \\$a(OCoLC)17376430
=040  \\$aEZH$cEZH$dDLM$dTKN
=049  \\$aTKNk
=090  \\$aPN1997$b.A4 1983
=099  \\$aPN1997.A4 1983
=245  00$aAntony & Cleopatra$h[videorecording] /$cBard Productions, Ltd.
=260  \\$aLos Angeles, Calif. :$bCentury Home Video,$cc1983.
=300  \\$a2 videocassettes (183 min.) :$bsd., col. ;$c1/2 in.
=490  0\$aWilliam Shakespeare,$vv. 3
=500  \\$aVHS format.
=500  \\$a"B003."
=500  \\$aTitle on container: The Tragedy of Antony and Cleopatra.
=508  \\$aDirector, Lawrence Carra ; producer, Ken Campbell ; music, John Serry.
=511  1\$aTimothy Dalton, Lynn Redgrave, Nichelle Nichols, John Carradine.
=520  \\$aA presentation of the play by William Shakespeare.
=600  10$aAntonius, Marcus,$d83 B.C.?-30 B.C.$vDrama.
=600  00$aCleopatra,$cQueen of Egypt,$d-30 B.C.$vDrama.
=650  \0$aFeature films.
=700  1\$aShakespeare, William,$d1564-1616.$tAntony and Cleopatra.
=700  1\$aDalton, Timothy,$d1944-$4prf
=700  1\$aRedgrave, Lynn,$d1943-$4prf
=700  1\$aNichols, Nichelle.$4prf
=710  2\$aBard Productions.
=710  2\$aCentury Home Video.
=740  0\$aAntony and Cleopatra.
=740  0\$aTragedy of Antony and Cleopatra.
=852  0\$822250958700002311$bH$cVIDE2$h PN1997$i .A4 1983

