=LDR  01322ngm  2200337   4500
=001  997053910102311
=005  20150603230802.0
=007  vf-cbaho-
=008  880607s1987\\\\xx\184\\\\\\\\\\\0vleng\d
=020  \\$a1557390681
=035  \\$a(TU)000705391UTK01
=035  9\$a739972
=035  \\$a(OCoLC)18044561
=040  \\$aTKN$cTKN
=049  \\$aTKNK
=090  \\$aPN1997$b.C495
=099  \\$aPN1997.C495
=245  03$aEl Cid$h[videorecording] /$cSamuel Bronston Productions.
=260  \\$a[s.l.]$bUnited Home Video,$c1987.
=300  \\$a2 videocassettes (184 min.) :$bsd., col. ;$c1/2 in.
=500  \\$aVideocassette of the 1961 motion picture released by Samuel Bronston Productions.
=500  \\$aVHS format.
=508  \\$aWriters, Fredric M. Frank, Philip Yordan ; music, Miklos Rozsa ; photography, Robert Krasker ; producer, Samuel Bronston ; director, Anthony Mann.
=511  1\$aCharlton Heston, Sophia Loren, Raf Vallone, Genevieve Page, John Fraser, Gary Raymond, Hurd Hatfield, Massimo Serato.
=520  \\$aEpic drama of Spain's eleventh-century hero who conquered the Moors.
=650  \0$aFeature films.
=700  1\$aHeston, Charlton.
=700  1\$aLoren, Sophia,$d1934-
=710  2\$aSamuel Bronston Productions.
=710  2\$aUnited Home Video.
=852  0\$822250959190002311$bH$cVIDE2$h PN1997$i .C495

