=LDR  01268cgm  2200325 a 4500
=001  997263480102311
=005  20150603231220.0
=007  vf\bbahou
=008  891120s1989\\\\ja\460\\\\\\\\\\\0vljpn\d
=035  \\$a(TU)000726348UTK01
=035  9\$a761360
=035  \\$a(OCoLC)20673432
=040  \\$aTKN$cTKN
=049  \\$atknk
=090  \\$aPN1997$b.J35
=245  00$aJapanese literature on film$h[videorecording] :$bthe second teaching module in the series Japanese society through film.
=260  \\$aNew York :$bJapan Society,$c[1989?]
=300  \\$a3 videocassettes (460 min.) :$bsd., b&w ;$c1/2 in +$e2 guides (63 p.)
=440  \0$aJapan film collection
=500  \\$aVHS format
=500  \\$a"Janus film presentation."
=505  0\$a[pt.1] Double suicide (105 min.)-- [pt.2] Snow country (134 min.) --[pt. 3] The face of another (121 min.)
=520  \\$aThree films that are both visually effective renderings of three outstanding works of Japanese literature and effective films in their own right.
=650  \0$aFeature films.
=710  2\$aJapan Society (New York, N.Y.)
=740  0\$aDouble suicide
=740  0\$aSnow country
=740  0\$aFace of another
=740  0\$aJapanese society through film.
=852  0\$822250970320002311$bH$cVIDEO$h PN1997$i .J35

