=LDR  00838cgm  2200265   4500
=001  997018340102311
=005  20150603230647.0
=007  mr-buaud-\\\\\\\\\\\\\\
=008  880422q19001988xx\030\\\\\\\\\\\0mleng\d
=035  \\$a(TU)000701834UTK01
=035  9\$a736327
=035  \\$a(OCoLC)17832084
=040  \\$aTKN$cTKN
=049  \\$aTKNK
=090  \\$aDD256.5$b.N3
=099  \\$aDD256.5.N3
=245  00$aNazi new order$h[motion picture]
=260  \\$a[s.l.] :$bOpen University; distributed by Harper and Row$c[19--]
=300  \\$a1 reel (30 min.) :$bsd., b&w ;$c16 mm.
=500  \\$aVideo cassette copy.
=520  \\$aShows the Nazi mobilization of occupied Europe to serve the war needs of the Reich.
=650  \0$aNational socialism.
=651  \0$aGermany$xPolitics and government$y1933-1945.
=710  2\$aOpen University.
=966  \\$aprimo

