=LDR  01424cgm  2200301   4500
=001  997055560102311
=005  20150603230913.0
=007  vf-cbaho-
=008  880302s1985\\\\wiu040\\\\\\\\\\\1vneng\d
=035  \\$a(TU)000705556UTK01
=035  9\$a740147
=035  \\$a(OCoLC)17566950
=040  \\$aIIB$cIIB$dTKN
=049  \\$aTKN9
=090  \\$aMT262$b.V3
=099  \\$aMT262.V3
=245  00$aVariations on a theme by Mozart$h[videorecording] /$cby Michelle Noscoe.
=260  \\$aStevens Point, Wis. :$bSuzuki Assoc. of the Americas,$c[c1985]
=300  \\$a1 videocassette (40 min.) :$bsd. col. ;$c1/2 in.
=500  \\$aSAA documentary.
=508  \\$aProducer, Nosco & Assoc.; director, Michelle Nosco; consultant, Milton Goldberg, script writer, Laurie LeBreton.
=520  8\$aThis tape is an overview of the Suzuki Violin School. The basic tenets of the Suzuki Method are explained by Kay Slone and others. Many examples of students are used, including private studio teaching and the American Suzuki Institute at Stevens Point, Wisconsin. This tape also features William Preucil, Jr., concertmaster of the Atlanta Symphony, as well as many students from the state of Illinois.
=600  10$aSuzuki, Shinʾichi,$d1898-
=650  \0$aStringed instruments$vMethods.
=650  \0$aStringed instruments$xInstruction and study.
=700  1\$aNosco, Michelle.
=852  0\$822192939300002311$bH$cVHS$hMT262$i.V3
=966  \\$aprimo

