=LDR  01936cgm  2200385   4500
=001  997010420102311
=005  20150603230654.0
=007  vf-cbaho-
=008  831118r19831981cau120\\\\\\\\\\\0vleng\d
=035  \\$a(TU)000701042UTK01
=035  9\$a735520
=035  \\$a(OCoLC)10144602
=040  \\$aFPL$cFPL$dm/c$dTKN
=049  \\$aTKNk
=090  \\$aPN1997$b.D644
=099  \\$aPN1997.D644
=245  00$aDon't cry, it's only thunder$h[videorecording] /$cSanrio Company, Ltd.
=260  \\$aBurbank, CA :$bRCA/Columbia Pictures Home Video,$cc1983.
=300  \\$a1 videocassette (120 min.) :$bsd., col. ;$c1/2 in.
=500  \\$aVHS format.
=500  \\$a"VH91250"
=500  \\$aBased on the book by Paul G. Hensler.
=500  \\$aVideocassette release of the 1981 motion picture by Sanrio Company, Ltd.
=508  \\$aExecutive producers, Shintaro Tsuji, Terry Ogisu, Ken Kawarai ; music, Maurice Jarre ; writer, Paul Hensler ; producer, Walt deFaria ; director, Peter Werner.
=511  1\$aDennis Christopher, Susan Saint James, Roger Aaron Brown, Robert Englund, Lisa Lu, Thu Thuy, James Whitmore, Jr.
=520  \\$aIn 1968, Brian Anderson is court-martialed when he is caught dealing with drugs and liquor in the black market and is reassigned to a mortuary in Saigon for the remainder of his tour. He, then, becomes involved with a group of orphans and a dedicated Army doctor, Katherine Cross. Together they use the black market to buy or steal supplies to run the orphanage and Brian's life takes on a new meaning.
=600  10$aHensler, Paul G.,$d1947-
=650  \0$aVietnam War, 1961-1975$vDrama.
=700  1\$aHensler, Paul G.,$d1947-$tDon't cry, it's only thunder.
=700  1\$aChristopher, Dennis.
=700  1\$aSaint James, Susan,$d1946-
=700  1\$aWhitmore, J.$q(James)
=710  2\$aSanrio Company.
=710  2\$aRCA/Columbia Pictures Home Video (Firm)
=852  0\$822250961140002311$bH$cVIDE2$h PN1997$i .D644

