=LDR  01334ngm  2200337   4500
=001  997209520102311
=005  20150603231114.0
=007  go-cubff-
=008  880728s1977\\\\nyunnn\\r\\\\\\\\1fneng\d
=035  \\$a(TU)000720952UTK01
=035  9\$a755881
=035  \\$a(OCoLC)18280670
=040  \\$aTKN$cTKN
=049  \\$aTKNN
=090  \\$aND190$b.C53
=099  \\$aND190.C53
=100  1\$aClark, Kenneth,$d1903-
=245  10$aPioneers of modern painting.$h[slide] /$cWritten and narrated by Kenneth Clark.
=260  \\$aNew York : Independent Television Corporation,$c1977.
=300  \\$a12 filmstrips (1381 fr.) :$bcol. :$c35 mm. +$e12 cassettes (analog, 1 7/8 ips) + guides.
=440  \0$aFilms for learning.
=500  \\$aMounted as 1381 slides in 12 carousels.
=505  0\$aPt.1, Claude Monet, 1840-1926.--pt.2, Paul Cezanne, 1839-1906.--pt.3, Edouard Manet, 1832-1883.--pt.4, Georges Seurat, 1859-1891.--pt.5, Henri Rosseau, 1844-1910.--pt.6 Edvard Munch, 1863-1944.
=600  10$aMonet, Claude,$d1840-1926.
=600  10$aCézanne, Paul,$d1839-1906.
=600  10$aManet, Edouard,$d1832-1883.
=600  10$aSeurat, Georges,$d1859-1891.
=600  10$aRousseau, Henri,$d1844-1910.
=600  10$aMunch, Edvard,$d1863-1944.
=710  2\$aIndependent Television Corporation.
=852  0\$822211812710002311$bST$cSLIDE$hND190$i.C53

