=LDR  02012cgm  2200445 a 4500
=001  997187610102311
=005  20150603231036.0
=007  vf-cbaho-
=008  850916s1985\\\\nyu070\g\\\\\\\\\0vleng\d
=035  \\$a(TU)000718761UTK01
=035  9\$a753662
=035  \\$a(OCoLC)12561164
=037  \\$bMGM/UA Home Video, 1350 Ave. of the Americas, New York, NY 10019
=040  \\$aFPL$cFPL$dOCL$dTXI$dm/c$dTKN
=043  \\$an-us---
=045  2\$bd1861$bd1865
=049  \\$aTKNk
=090  \\$aPN1997$b.R26295
=099  \\$aPN1997.R26295
=245  04$aThe Red badge of courage$h[videorecording] /$ca John Huston production ; screenplay by John Huston ; adaptation by Albert Band ; produced by Gottfried Reinhardt ; directed by John Huston.
=260  \\$aNew York, NY :$bMGM/UA Home Video,$cc1985.
=300  \\$a1 videocassette (ca. 70 min.) :$bsd., b&w ;$c1/2 in.
=440  \0$aMGM/UA great books on video
=500  \\$aReleased as motion picture, 1951, by Loewe's Incorporated. Copyright renewed 1979 by Metro-Goldwyn-Mayer Inc.
=500  \\$aVHS format.
=500  \\$a"M300408"
=508  \\$aDirector of photography, Harold Rosson Assoc. ; art directors, Cedric Gibbons and Hans Peters ; film editor, Ben Lewis ; music, Bronislau Kaper.
=511  1\$aAudie Murphy (the Youth), Bill Mauldin (the Loud Soldier), Andy Devine (the Cheery Soldier).
=520  \\$aMovie version of Stephen Crane's novel: the story of Henry Fleming and his initiation into manhood as a Union Army recruit during the Civil War.
=650  \0$aFeature films.
=651  \0$aUnited States$xHistory$yCivil War, 1861-1865$vDrama.
=700  1\$aHuston, John,$d1906-
=700  1\$aMurphy, Audie,$d1924-1971.
=700  1\$aMauldin, Bill,$d1921-
=700  1\$aDevine, Andy,$d1905-1977.
=700  1\$aCrane, Stephen,$d1871-1900.$tRed badge of courage.
=710  2\$aLoew's Incorporated.
=710  2\$aMetro-Goldwyn-Mayer.
=710  2\$aMGM/UA Home Video (Firm)$4dst$4pbl
=852  0\$822250985660002311$bH$cVIDEO$h PN1997$i .R26295

