=LDR  01228cgm  2200301   4500
=001  997143660102311
=005  20150603230946.0
=007  mr-caaadu\\\\\\\\\\\\\\
=008  790606s1978\\\\xxu033\er\\\\\\\\0mleng\c
=010  \\$a78701934 /F
=035  \\$a(TU)000714366UTK01
=035  9\$a749201
=035  \\$a(OCoLC)05181139
=040  \\$aMcGraw-Hill Films$cDLC$dm.c.$dCHS$dTKN
=049  \\$aTKNk
=050  \\$aBF575.S75$bM3 1978
=099  \\$aBF575.S75M3 1978
=245  00$aManaging stress.$h[motion picture] /$cMcGraw-Hill Book Company ; made by CRM Productions.
=260  \\$aNew York :$bCRM/McGraw-Hill Films,$c1978.
=300  \\$a1 reel, 34 min. :$bsd., col. ;$c16 mm.$e& teacher's guide.
=520  \\$aPoints out that the manageable stress levels can result in productivity, while excessive stress levels that are improperly managed can be debilitating. Explains how to recognize undue stress and how to handle stress correctly.
=650  \0$aStress (Psychology)
=650  \2$aAnxiety$xmotion pictures.
=650  \2$aStress, Psychological$xmotion pictures.
=710  2\$aMcGraw-Hill Book Company.
=710  2\$aCRM Productions.
=710  2\$aCRM/McGraw-Hill Films.
=852  0\$822183169550002311$bST$cFILM$hBF575.S75$iM3 1978

