=LDR  01149ngm  22003011  4500
=001  996909000102311
=005  20150603230402.0
=007  g\\c\bdf\
=008  730418s1973\\\\xxu168\d\\\\\\\\\0fneng\c
=010  \\$a73733052 /F
=035  \\$a(TU)000690900UTK01
=035  9\$a725163
=035  \\$a(OCoLC)05558202
=040  \\$aTeaching Resources Films$cDLC$dm.c.$dTKN
=043  \\$an-us---
=049  \\$aTKNN
=090  \\$aE184.A1$bO74
=245  04$aThe Other American minorities$h[filmstrip]
=260  \\$bTeaching Resources Films,$c1973.
=300  \\$a4 filmstrips (approx. 168 fr.)$bcolor.$c35 mm.$eand 2 phonodiscs (2 s. each), 12 in., 33 1/3 rpm., 56 min.
=500  \\$aMounted as 225 slides in 2 carousels.
=500  \\$aWith teacher's guide.
=500  \\$aTape copy.
=505  0\$aThe American Indian.--The Mexican-American.--The Puerto Rican/The Cuban.--The Oriental-American.
=508  \\$aWriter, Geraldine Kalan; photographers, Patricia Scarano, Martha Guthrie, Marcel Couturier; editor, Katherine L. Jose.
=650  \0$aMinorities$zUnited States.
=710  2\$aTeaching Resources Films.
=852  0\$822188656420002311$bST$cSLIDE$hE184.A1$iO74

