=LDR  00804ngm  2200253   4500
=001  997026370102311
=005  20150603230704.0
=007  vf-cbahr-
=008  870611s1973\\\\tnu015\e\\\\\\\\\0vleng\d
=035  \\$a(TU)000702637UTK01
=035  9\$a737150
=035  \\$a(OCoLC)15901957
=040  \\$aVA@$cVA@$dm/c$dTKN
=049  \\$aTKNN
=090  \\$aBX7990.H6$bT4
=099  \\$aBX7990.H6T4
=245  00$aThey shall take up serpents$h[videorecording].
=260  \\$aWilmette, Ill. :$bFilms Incorporated,$c1973.
=300  \\$a1 videocassette (ca. 24 min.) :$bsd., col. ;$c3/4 in.
=500  \\$aU standard.
=520  \\$aExplores snake-handling religious sects.
=610  20$aHoliness Church of God in Jesus Name.
=650  \0$aSnake cults (Holiness churches)
=852  0\$822250956390002311$bH$cVIDEO$h BX7990.H6$i T4

