=LDR  01546cgm  2200421   4500
=001  997017270102311
=005  20150603230646.0
=007  vf-cbaho-
=008  880208s1986\\\\onc154\e\\\\\\\\\0vleng\d
=020  \\$c{dollar}49.95
=035  \\$a(TU)000701727UTK01
=035  9\$a736216
=035  \\$a(OCoLC)17445825
=040  \\$aTMN$cTMN$dVRU$dOCL$dTKN
=049  \\$aTKN9
=090  \\$aM1500.S9$bG6 1986
=092  \\$a782.81$bG637
=099  \\$aM1500.S9G6 1986
=245  04$aThe Gondoliers$h[videorecording] /$cGilbert and Sullivan ; direction and choreography, Brian Macdonald.
=260  \\$aToronto :$bCanadian Broadcasting Co.,$cc1986.
=300  \\$a1 videocassette (ca. 154 min.) :$bsd., col. ;$c1/2 in.
=440  \0$aConnaisseur
=500  \\$aVHS format.
=500  \\$aBrian Macdonald's Stratford Festival production of the Gilbert & Sullivan opera for CBC Television.
=508  \\$aProducer/director, Norman Campbell.
=511  0\$aDouglas Chamberlain, Eric Donkin, John Keane.
=520  \\$aTwo gondoliers rule a Spanish duchy on the assumption that one is a foundling prince.
=650  \0$aOperas.
=700  1\$aSullivan, Arthur,$cSir,$d1842-1900.$tGondoliers.
=700  1\$aGilbert, W. S.$q(William Schwenck),$d1836-1911.$tGondoliers.
=700  1\$aChamberlain, Douglas.
=700  1\$aDonkin, Eric.
=700  1\$aCampbell, Norman.
=700  1\$aMacDonald, Brian.
=710  2\$aCanadian Broadcasting Corporation.
=711  2\$aStratford Festival (Ont.)
=852  0\$822181533110002311$bH$cVHS$hM1500.S9$iG6 1986
=966  \\$aprimo

