=LDR  01424cgm  2200385   4500
=001  997317480102311
=005  20150603231332.0
=007  vf-cbahos
=008  870518s1982\\\\xxk155\\\\\\\\\\\1vnita\d
=035  \\$a(TU)000731748UTK01
=035  9\$a766900
=035  \\$a(OCoLC)15699371
=040  \\$aIMV$cIMV$dm/c$dTKN
=041  \\$aita$beng
=049  \\$aTKN9
=090  \\$aM1500.R86$bB3 1982
=099  \\$aM1500.R86B3 1982
=245  04$aThe barber of Seville$h[videorecording] :$cGioachino Rossini ; text by Cesare Sterbin, Glyndebourne Festival Opera ; director, John Cox.
=260  \\$a[s.l.] :$bNational Video Corporation,$c1982.
=300  \\$a1 videocassette (155 min.). :$bsd., col., stereo ;$c1/2 in.
=500  \\$aSung in Italian with English subtitles.
=511  0\$aMaria Ewing, John Bawnsley, Max-René Cosotti, Claudio Desderi ; Glyndebroune Chorus ; London Philharmonid Orchestra, Sylvain Cambreling, conductor.
=538  \\$aVHS.
=650  \0$aOperas.
=700  1\$aEwing, Maria.
=700  1\$aRawnsley, John.
=700  1\$aCosotti, Max René.
=700  1\$aDesderi, Claudio.
=700  1\$aCambreling, Sylvain.
=700  1\$aRossini, Gioacchino,$d1792-1868.$tBarbiere di Siviglia.
=710  2\$aLondon Philharmonic Orchestra.
=710  2\$aGlyndebroune Festival Chorus.
=710  2\$aGlyndebourne Festival Opera Company.
=852  0\$822148273790002311$bH$cVHS$hM1500.R86$iB3 1982
=966  \\$aprimo

