=LDR  02846ngm  2200637   4500
=001  997010950102311
=005  20150603230730.0
=007  vf-cbaho-
=008  880115s1988\\\\nyu780\e\\\\\\\\\0vleng\d
=035  \\$a(TU)000701095UTK01
=035  9\$a735573
=035  \\$a(OCoLC)17349729
=040  \\$aBXM$cBXM$dTKN
=049  \\$aTKNk
=090  \\$aPS614$b.V64x 1988
=090  \\$aPS303$b.V65 1988
=099  \\$aPS303.V65 1988
=245  00$aVoices & visions$h[videorecording] /$cSouth Carolina Educational Television.
=260  \\$aNew York :$bNew York Center for Visual History,$cc1988.
=300  \\$a13 videocassettes (780 min.) :$bsd., col. ;$c1/2 in.
=500  \\$aVHS format.
=505  0\$apt. 1. Robert Frost -- pt. 2. Ezra Pound: American odyssey -- pt. 3. Langston Hughes: the dream keeper -- pt. 4. Walt Whitman -- pt. 5. Hart Crane -- pt. 6. William Carlos Williams -- pt. 7. Emily Dickinson -- pt. 8. Marianne Moore: in her own image -- pt. 9. T.S. Eliot -- pt. 10. Wallace Stevens: man made out of words -- pt. 11. Elizabeth Bishop: one art -- pt. 12. Robert Lowell: a mania for phrases -- pt. 13. Sylvia Plath.
=508  \\$aSenior producers, Jill Janows, Robert Chapman ; executive producer, Lawrence Pitkethly.
=520  \\$aCollege course in American poetry presents the lives and poetry of 13 major poets.
=600  10$aFrost, Robert,$d1874-1963.
=600  10$aPound, Ezra,$d1885-1972.
=600  10$aHughes, Langston,$d1902-1967.
=600  10$aWhitman, Walt,$d1819-1892.
=600  10$aCrane, Hart,$d1899-1932.
=600  10$aWilliams, William Carlos,$d1883-1963.
=600  10$aDickinson, Emily,$d1830-1886.
=600  10$aMoore, Marianne,$d1887-1972.
=600  10$aEliot, T. S.$q(Thomas Stearns),$d1888-1965.
=600  10$aStevens, Wallace,$d1879-1955.
=600  10$aBishop, Elizabeth,$d1911-1979.
=600  10$aLowell, Robert,$d1917-1977.
=600  10$aPlath, Sylvia.
=650  \0$aAmerican poetry$y19th century$xStudy and teaching (Higher)
=650  \0$aAmerican poetry$y20th century$xStudy and teaching (Higher)
=700  1\$aFrost, Robert,$d1874-1963.
=700  1\$aPound, Ezra,$d1885-1972.
=700  1\$aHughes, Langston,$d1902-1967.
=700  1\$aWhitman, Walt,$d1819-1892.
=700  1\$aCrane, Hart,$d1899-1932.
=700  1\$aWilliams, William Carlos,$d1883-1963.
=700  1\$aDickinson, Emily,$d1830-1886.
=700  1\$aMoore, Marianne,$d1887-1972.
=700  1\$aEliot, T. S.$q(Thomas Stearns),$d1888-1965.
=700  1\$aStevens, Wallace,$d1879-1955.
=700  1\$aBishop, Elizabeth,$d1911-1979.
=700  1\$aLowell, Robert,$d1917-1977.
=700  1\$aPlath, Sylvia.
=710  2\$aSouth Carolina Educational Television Network.
=710  2\$aNew York Center for Visual History.
=740  0\$aVoices and visions.
=852  0\$822250961260002311$bH$cVIDE2$h PS303$i .V65 1988

