=LDR  02219cgm  2200541   4500
=001  997012680102311
=005  20150603230705.0
=007  vf-cbaho-
=008  860912s1986\\\\cau253\\z\\\\\\\\1vlita\d
=020  \\$c{dollar}61.95
=035  \\$a(TU)000701268UTK01
=035  9\$a735752
=035  \\$a(OCoLC)14209080
=040  \\$aPNX$cPNX$dm/c$dTKN
=041  \\$aita$beng
=049  \\$aTKN9
=090  \\$aM1500.B43$bT7 1986
=099  \\$aM1500.B43T7 1986
=245  04$aLes Troyens$h[videorecording] /$cHector Berlioz ; libretto by the composer, after Virgil ; the Metropolitan Opera.
=260  \\$aHollywood, CA :$bBel Canto Paramount Home Video,$cc1986.
=300  \\$a2 videocassettes (253 min.) :$bsd., col. ;$c1/2 in. +$e1 booklet (10 p. : ill. ; 19 cm.)
=500  \\$aVHS format.
=500  \\$a"12509."
=500  \\$aOpera in 3 acts.
=500  \\$aIn Italian with English subtitles.
=500  \\$aDates vary: on title frame, c1984; on container, c1986.
=500  \\$aStereo hi-fi, Dolby processed.
=500  \\$aProgram notes by David Hamilton and synopsis in English inserted in container.
=508  \\$aProducer, Clemente D'Alessio ; director, Brian Large ; choreographer, Gray Veredon.
=511  1\$aTatiana Troyanos, Jessye Norman, Placido Domingo, Allan Monk, Paul Plishka ; Metropolitan Opera Orchestra ; James Levine, conductor ; Metropolitan Opera Chorus ; Metropolitan Opera Ballet.
=518  \\$aRecorded during the Oct. 8, 1983 performance at the Met.
=650  \0$aOperas.
=700  1\$aBerlioz, Hector,$d1803-1869.
=700  1\$aTroyanos, Tatiana.
=700  1\$aNorman, Jessye.
=700  1\$aDomingo, Plácido,$d1941-
=700  1\$aMonk, Allan.$4prf
=700  1\$aPlishka, Paul,$d1940-
=700  1\$aLevine, James,$d1943-
=700  1\$aD'Alessio, Clemente.
=700  1\$aLarge, Brian.
=700  1\$aBerlioz, Hector,$d1803-1869.$tTroyens.$sLibretto.$lItalian.
=710  2\$aMetropolitan Opera (New York, N.Y.).$bOrchestra.
=710  2\$aMetropolitan Opera (New York, N.Y.).$bChorus$4prf
=710  2\$aMetropolitan Opera (New York, N.Y.).$bBallet.$4prf
=710  2\$aBel Canto Paramount Home Video.
=852  0\$822181600330002311$bH$cVHS$hM1500.B43$iT7 1986
=966  \\$aprimo

