=LDR  01426ngm  2200337   4500
=001  997353830102311
=005  20150603231458.0
=007  vf-mbahou
=008  880920s1982\\\\xx\057\\\\\\\\\\\0vleng\d
=035  \\$a(TU)000735383UTK01
=035  9\$a770580
=035  \\$a(OCoLC)18503325
=040  \\$aTKN$cTKN
=049  \\$aTKNK
=090  \\$aD805.P6$bM4
=099  \\$aD805.P6M4
=245  00$aMemories of hell$h[videorecording] /$cCentre Productions ; produced and directed by Dale Sonnenberg ; produced and written by Cindy Barchus.
=260  \\$aIrwindale, CA :$bBarr Films,$cc1982.
=300  \\$a1 videocassette (57 min.) :$bcol. with b&w sequences ;$c1/2 in.
=500  \\$aVHS format.
=500  \\$a"#V430."
=511  0\$aFernando Sanchez, Robert Maestas.
=520  \\$aFeatures the recollection of former GI'S from New Mexico who survived the fall of the Philippines and the brutal Bataan death march. This documentary features rare footage and interviews with the survivors providing firsthand insights into World War II history.
=650  \0$aWorld War, 1939-1945$xConcentrations camps$zPhilippines.
=650  \0$aWorld War, 1939-1945$xPrisoners and prisons, Japanese.
=650  \0$aWorld War, 1939-1945$xPrisoners and prisons, American.
=650  \0$aPrisoners of war$zPhilippines.
=710  2\$aCentre Productions.
=710  2\$aBarr Films.
=852  0\$822250969510002311$bH$cVIDE2$h D805.P6$i M4
=966  \\$aprimo

