=LDR  02080cgm  2200445   4500
=001  997015720102311
=005  20150603230706.0
=007  vf\cbaho\
=008  861118s1985\\\\mau207\\z\\\\\\\\1vlita\d
=035  \\$a(TU)000701572UTK01
=035  9\$a736058
=035  \\$a(OCoLC)14762841
=040  \\$aYHM$cYHM$dm/c$dTKN
=041  \\$aita$beng
=049  \\$aTKN9
=090  \\$aM1500.V47$bD6 1985
=245  00$aDon Carlo$h[videorecording] /$cmusic, Giuseppe Verdi ; produced by BBC Television in association with Covent Garden Video Productions ; presented by the National Video Corporation.
=260  \\$aFramingham, Mass. :$bHome Vision,$cc1985.
=300  \\$a2 videocassettes (VHS) (207 min.) :$bsd., col., stereo ;$c1/2 in. +$e1 booklet (12 p. ; 17 cm.)
=500  \\$a"#8339257/1-2"
=500  \\$aLibretto by François Joseph Méry and Camille du Locle after Friedrich von Schiller's Don Carlos; Italian translation, Achille de Lauzières and Angelo Zanardini.
=500  \\$aRecorded at the Royal Opera House, Covent Garden on April 17, 1985.
=500  \\$aSung in Italian, English subtitles.
=508  \\$aOriginal production, Luchino Visconti; staged by Christopher Renshaw; conductor, Bernard Haitink; the Royal Opera Chorus and the orchestra of the Royal Opera House.
=511  1\$aLuis Lima, Ileana Cortrubas, Giorgio Zancanaro, Robert Lloyd, Bruna Baglioni, Joseph Rouleau, Matthew Best.
=650  \0$aOperas.
=700  1\$aVerdi, Giuseppe,$d1813-1901.
=700  1\$aMéry, Joseph,$d1798-1865.
=700  1\$aDu Locle, Camille,$d1832-1903.
=700  1\$aSchiller, Friedrich,$d1759-1805.$tDon Carlos.
=700  1\$aVisconti, Luchino,$d1906-1976.
=700  1\$aHaitink, Bernard,$d1929-
=700  1\$aLima, Luis,$ctenor.
=700  1\$aCotrubas, Ileana.
=710  2\$aRoyal Opera House (London, England)
=710  2\$aBritish Broadcasting Corporation.$bTelevision Service.
=710  2\$aCovent Garden Video Productions.
=710  2\$aNational Video Corporation, Ltd.
=710  2\$aHome Vision (Firm)
=852  0\$822181523200002311$bH$cVHS$hM1500.V47$iD6 1985

