=LDR  01515cgm  2200361   4500
=001  997371380102311
=005  20150603231509.0
=007  vf-cbaho-
=008  880510s1988\\\\it\130\\\\\\\\\\\0vlita\d
=035  \\$a(TU)000737138UTK01
=035  9\$a772373
=035  \\$a(OCoLC)17931032
=040  \\$aUAP$cUAP$dVRU$dTKN
=041  \\$aita$beng
=049  \\$aTKNk
=090  \\$aPN1997$b.F389
=099  \\$aPN1997.F389
=245  00$aFellini satyricon$h[videorecording] /$cPea Produzioni Europee Ass iate, S.A.S.
=260  \\$aCulver City, CA :$bMGM/UA Home Video,$cc1988.
=300  \\$a1 videocassette (130 min.) :$bsd., col. ;$c1/2 in.
=500  \\$aVHS format.
=500  \\$a"M301385"
=500  \\$aItalian with English subtitles.
=500  \\$aVideocassette release of the 1969 motion picture.
=500  \\$aBased on the Satyricon of Petronius Arbiter.
=508  \\$aProducer, Alberto Grimaldi ; director, Federico Fellini ; story and screenplay, Federico Fellini and Bernardino Zapponi ; music, Nino Rota.
=511  1\$aMartin Potter, Hiram Keller, Max Born, Salvo Randone, Magali Noel, Alain Cuny, Lucia Bose, Tanya Lopert, Gordon Mitchell, Capucine.
=520  \\$aFellini recreates the bawdy and lecherous days of Nero's reign in ancient Rome, a universe unconcerned with human dignity and obsessed with perverse sex.
=650  \0$aFeature films.
=700  1\$aFellini, Federico.
=700  0\$aPetronius Arbiter.$tSatyricon.
=740  0\$aSatyricon.
=852  0\$822250961780002311$bH$cVIDE2$h PN1997$i .F389

