=LDR  00739cga  2200193   4500
=001  997240190102311
=005  20020530124900.0
=007  mr\cuaudu\\\\\\\\\\\\\\
=008  910326s1966\\\\ja\023\\\\\\\\\\\0mleng\d
=035  \\$a(TU)000724019UTK01
=035  9\$a758995
=090  \\$aBL2370.A5$bG6
=099  \\$aBL2370.A5G6
=245  04$aThe Gods of the Ainu$h[motion picture] /$cproduced by Matsuoka Productions.
=260  \\$a[Japan? :$bJapan Foundation Film Library,$c1966.
=300  \\$a1 film reel (23 min.) :$bsd., col. ;$c16 mm.
=520  \\$aA visual study of the religious practices of a Japanese aboriginal group, originally Caucasian, who now survive only in small numbers in Hokkaido.
=650  \0$aAinu$xReligion.
=710  2\$aMatsuoka Productions.

