=LDR  01153ngm  22002891  4500
=001  996915850102311
=005  20150603230449.0
=007  vf-b-ahr\
=008  790815s1971\\\\xxu020\e\\\\\\\\\0vleng\c
=010  \\$a79707015 /F
=035  \\$a(TU)000691585UTK01
=035  9\$a725868
=035  \\$a(OCoLC)05888963
=040  \\$aTime-Life Multimedia$cDLC$dTKN
=043  \\$aa-cc---
=049  \\$aTKNN
=050  \\$aDS740.4
=099  \\$aDS740.4.C35453
=245  00$aChina and the world$h[videorecording] /$cBBC-TV.
=260  \\$aNew York :$bTime-Life Multimedia,$c1971.
=300  \\$a1 cassette, 20 min. :$bsd.,b&w ;$c3/4 in.
=440  \0$aWorld history from 1917 to the present ; no. 13.
=500  \\$aTitle from data sheet.
=500  \\$aU standard.
=520  \\$aDiscusses the 19th century invasions and defeats of China by foreign powers. Explains the effect of the Japanese war and the seizure of Taiwan, Korea, and Manchuria, including China's reactions toward restored dignity in Korea and the deterioration of her relations with the Soviet Union.
=651  \0$aChina$xForeign relations.
=710  2\$aBritish Broadcasting Corporation.$bTelevision Service.

