=LDR  01319cgm  2200313   4500
=001  997026460102311
=005  20150603230705.0
=007  vf-beahr-
=008  770510s1970\\\\nyu007\\\\\\\\\\\0vueng\d
=035  \\$a(TU)000702646UTK01
=035  9\$a737159
=035  \\$a(OCoLC)02952320
=040  \\$aIUL$cIUL$dOCL$dm.c.$dTKN
=045  \\$ax1x1
=049  \\$aTKNN
=090  \\$aD643.A7$bV4
=099  \\$aD643.A7V4
=245  04$aThe Versailles peace :$beconomic revolution.$h[videorecording].
=260  \\$aNew York :$bChelsea House Educational Communications,$cc1970.
=300  \\$a1 cassette, 7 min :$bsd., b&w ;$c3/4 in.
=440  \0$aHistory machine
=501  \\$aOn cassette with: United States Army.--World War I.--Intervention in Siberia.
=500  \\$aU standard.
=508  \\$aEditorial director, Arthur M. Schlesinger, Jr.; editor, Fred Israel.
=520  \\$aExamines the problems of peacemaking in the first sophistocated technological war and the objectives of the representatives at the Versailles Peace Conference. Follows Wilson's return to the United States, his struggle and defeat in his efforts to bring his country into the League of Nations.
=600  10$aWilson, Woodrow,$d1856-1924.
=650  \0$aWorld War, 1914-1918$xPeace.
=710  2\$aChelsea House Educational Communications.
=966  \\$aprimo

