=LDR  01655cga  2200373   4500
=001  997383310102311
=005  20150603231558.0
=007  vfucuahr\
=008  850808s1984\\\\xxu030\e\\\\\\\\\0vleng\c
=010  \\$a85702263 /F
=020  \\$cFor sale ( 225.00 for 3/4 in.; 100.00 for 1/2 in.) or rent ( 55.00 for 3/4 in.; 35.00 for 1/2 in.)
=035  \\$a(TU)000738331UTK01
=035  9\$a773582
=035  \\$a(OCoLC)12838601
=040  \\$aAmerican Film Foundation$cDLC$dTKN
=049  \\$aTKNk
=090  \\$aPS3570.O933$bZ9
=099  \\$aPS3570.O933Z9
=245  00$aWord into image.$pScreenwriter, Robert Towne$h[videorecording] /$cAmerican Film Foundation ; producers, directors, Freida Lee Mock, Terry Sanders.
=260  \\$aSanta Monica, CA :$bThe Foundation,$c1984.
=300  \\$a1 videocassette (30 min.) :$bsd., col.
=500  \\$aTitle from data sheet.
=500  \\$aSubtitle: Writers on screenwriting.
=500  \\$aOriginally shown on public television.
=500  \\$aIntended audience: Adults.
=500  \\$aIssued as VHS 1/2 in.
=520  \\$aAn interview with screenwriter Robert Towne. He discusses his work and philosophy, stating that he believes that the writer has more control over his art than the director. Towne's anecdotes show how he often finds his material in unorthodox sources. Including clips from the screenwriter's films.
=600  10$aTowne, Robert.
=650  \0$aScreenwriters$zUnited States$vInterviews.
=650  \0$aMotion picture authorship.
=700  1\$aTowne, Robert.
=710  2\$aAmerican Film Foundation.
=740  0\$aScreenwriter, Robert Towne.
=852  0\$822250959530002311$bH$cVIDE2$h PS3570.O933$i Z9

