=LDR  01973cgm  2200517   4500
=001  997017870102311
=005  20150603230716.0
=007  vf\cbahos
=008  871217s1982\\\\xx\120\\\\\\\\\\\0vnfre\d
=035  \\$a(TU)000701787UTK01
=035  9\$a736278
=035  \\$a(OCoLC)17250619
=040  \\$aVCV$cVCV$dTKN
=041  \\$afre$beng
=049  \\$aTKN9
=090  \\$aM1500.P7$bL5 1982
=099  \\$aM1500.P7L5 1982
=245  04$aThe love of three oranges$h[videorecording] /$cby Serge Prokofiev ; [presented by] National Video Corporation in association with TVS.
=260  \\$a[S.l.] :$bHome Vision,$cc1982.
=300  \\$a1 videocassette (120 min.) :$bsd., col., stereo. ;$c1/2 in.
=490  0\$aThe Compleat operagoer ;$vno. 56
=500  \\$aSung in French with English subtitles.
=500  \\$aLibretto by the composer after Carlo Gozzi.
=500  \\$aVHS format.
=508  \\$aConductor, Bernard Haitink.
=511  0\$aColette Alliot-Lugaz, Ugo Benelli, Nucci Condo, Ryland Davies, Nelly Morpurgo, John Pringle, Peter-Christoph Runge, Richard Van Allan, Willard White, Glyndebourne Festival Chorus, London Philharmonic Orchestra.
=650  \0$aOperas.
=700  1\$aProkofiev, Sergey,$d1891-1953.$tLi︠u︡bovʹ k trem apelʹsinam$lFrench.
=700  1\$aGozzi, Carlo,$d1720-1806.$tAmore delle tre melarance.
=700  1\$aHaitink, Bernard,$d1929-
=700  1\$aWhite, Willard.
=700  1\$aBenelli, Ugo.
=700  1\$aAlliot-Lugaz, Colette.
=700  1\$aDavies, Ryland,$d1943-
=700  1\$aCondò, Nucci.
=700  1\$aMorpurgo, Nelly.
=700  1\$aPringle, John.
=700  1\$aRunge, Peter-Christoph,$d1933-
=700  1\$aVan Allan, Richard.
=710  2\$aGlyndebourne Festival Chorus.
=710  2\$aLondon Philharmonic Orchestra.
=710  2\$aGlyndebourne Festival Opera Company.
=710  2\$aNational Video Corporation.
=710  2\$aHome Vision.
=852  0\$822181559320002311$bH$cVHS$hM1500.P7$iL5 1982
=966  \\$aprimo

