=LDR  01049ngm  2200289   4500
=001  997012550102311
=005  20150603230658.0
=007  mr-caaudu\\\\\\\\\\\\\\
=008  880418s1987\\\\ilu014\\r\\\\\\\\0mleng\d
=035  \\$a(TU)000701255UTK01
=035  9\$a735738
=035  \\$a(OCoLC)17801464
=040  \\$aTKN$cTKN
=049  \\$atknk
=090  \\$aQC880$b.A85
=099  \\$aQC880.A85
=245  04$aThe Atmosphere in motion$h[motion picture] /$cEncyclopaedia Britannica Educational Corporation.
=250  \\$aRevision.
=260  \\$aChicago, Ill. :$bThe Corporation,$c[1985?]
=300  \\$a1 film reel (14 min.) :$bsd., col. ;$c16 mm. +$e1 guide.
=440  \0$aE.B.E. earth science program
=500  \\$aCataloged from accompanying information.
=520  \\$aDefines the atmospher and identifies characteristics of its upper and lower strata. Explores the major forces that determine atmospheric motion.
=650  \0$aDynamic meteorology.
=650  \0$aMeteorology.
=710  2\$aEncyclopaedia Britannica Educational Corporation.
=966  \\$aprimo

