=LDR  02195cgm  2200445u  4500
=001  996889870102311
=005  20150603230323.0
=007  vf\cbaho\
=008  841212r19841982enk145\\\\\\\\\\\0vleng\d
=035  \\$a(TU)000688987UTK01
=035  9\$a723201
=035  \\$a(OCoLC)11485346
=040  \\$aFPL$cFPL$dOCL$dTKN
=049  \\$aTKN9
=090  \\$aM2000.H22$bM42 1983b
=099  \\$aM2000.H22M42 1983b
=245  00$aMessiah$h[videorecording] /$cBritish Broadcasting Corp.
=260  \\$a[New York] :$bThorn EMI Video,$cc1983.
=300  \\$a1 videocassette (145 min.) :$bsd., col., ;$c1/2 in. +$e1 booklet.
=500  \\$aVHS format.
=500  \\$a"TVE 2792"
=500  \\$aAn oratorio in 3 parts.
=500  \\$aA performance of George Frideric Handel's oratorio, "Messiah".
=500  \\$aVideocassette release of the 1982 production by the British Broadcasting Corp., in association with National Video Corp., Ltd.
=500  \\$aRecorded in Westminster Abbey.
=500  \\$aA libretto is included.
=508  \\$aDirector-producer, Roy Tipping ; conductor, Christopher Hogwood ; organist-master of choristers, Simon Preston.
=511  0\$aChoir of Westminster Abbey, Academy of Ancient Music, Judith Nelson, Emma Kirkby, Carolyn Watkinson, Paul Elliott, David Thomas.
=520  \\$aRecorded in Westminster Abbey, London, members of the Academy of Ancient Music, perform Handel's "Messiah" using instruments of the period or accurate modern copies. The choruses are sung by boy trebles and male atlos, tenors and basses all members of the Choir of Westminster Abbey. The soloists improvise embellishments in the arias and , in certain cases, join in the singing of the choruses, just as they would have done 240 years ago.
=650  \0$aOratorios.
=700  1\$aHandel, George Frideric,$d1685-1759.$tMessiah.
=700  1\$aHogwood, Christopher.$4prf
=700  1\$aNelson, Judith.$4prf
=710  2\$aWestminster Abbey.$bChoir.$4prf
=710  2\$aAcademy of Ancient Music.$4prf
=710  2\$aBritish Broadcasting Corp.
=710  2\$aNational Video Corporation.
=710  2\$aThorn EMI Video (Firm)
=852  0\$822214763130002311$bH$cVHS$hM2000.H22$iM42 1983b
=966  \\$aprimo